1816 3182
217 171 293 222 42
717 176 851 216 PARS
881 175 1202 218 mammon.

113 293 117 296 ’
217 284 486 337 dionissime
514 288 708 337 onn‘ttnt
721 321 737 351 ‚
799 295 943 354 atque
987 288 1110 341 a'deo
1156 292 1259 343 eius
1292 292 1407 340 vitia
1446 287 1684 339 narrando
1771 308 1787 325 ⁶

216 366 333 415 velit
377 368 429 414 in
471 368 671 417 virtutes
717 375 1017 418 convertere.
1108 369 1214 418 Sed
1251 388 1318 421 ,ne
1363 387 1449 420 eos
1492 367 1685 436 quidem

216 454 454 510 oratores,
491 449 594 513 qui,
615 455 685 496 >ut
710 449 972 511 Isocrates,
1008 446 1279 499 Alcibiadis
1304 451 1450 501 rebus
1470 446 1681 510 student,

215 527 405 576 videtur
461 528 778 577 consuluisse.
866 528 1123 578 Cornelius
1176 531 1303 578 enim
1355 532 1470 579 satis
1514 530 1685 579 leviter

215 625 364 673 opera
397 625 484 656 sua
521 607 797 671 defunctus,
844 627 1002 675 neque
1034 627 1151 658 vero
1187 610 1425 673 omnibus,
1461 612 1546 677 qui
1577 607 1681 657 ubi-

215 706 310 755 que
353 696 627 751 exstarent,
698 690 974 738 auctoribus
1022 707 1138 738 usus
1187 696 1279 738 est.
1366 691 1511 742 Unde
1562 686 1683 742 nihil

213 771 369 835 magis
403 778 478 818 est
511 766 773 816 cavendum
786 800 803 828 ‚
862 784 1006 833 quam
1039 785 1101 816 ne
1138 774 1219 815 aut
1252 768 1489 818 subtiliter
1523 769 1683 816 fontes
1786 808 1789 811 o

213 848 470 916 indagasse
512 846 791 897 Cornelium
804 881 822 909 7
882 854 965 896 aut
1007 865 1233 914 maguum
1278 850 1595 913 scriptorum,
1652 864 1681 895 e

213 929 388 996 quibus
422 928 654 991 hauriret,
691 945 941 977 numerum
964 926 1249 995 perlegisse,
1286 928 1336 976 id
1359 928 1490 996 quod
1516 927 1679 976 Dach-

211 1011 320 1057 nius
355 1011 406 1056 in
438 1009 649 1057 editione
683 1027 770 1056 sua
805 1016 854 1057 et
886 1009 1125 1058 Wichers
1165 1010 1216 1055 in
1245 1009 1398 1059 libro:
1460 1008 1679 1072 disquisi-

211 1089 280 1136 tio
316 1089 483 1137 critica
516 1086 580 1136 de
615 1087 829 1136 fontibus
876 1095 925 1137 et
969 1095 1164 1137 auctore
1199 1087 1415 1137 Cornelii
1453 1088 1675 1153 Nepotis.

212 1167 457 1235 Groning.
497 1166 662 1217 1828.
702 1167 758 1217 8.
798 1171 1166 1231 commiserunt,
1204 1167 1505 1217 arbitremur.

715 1370 993 1431 CAPUT
1052 1373 1170 1434 ΠΙ.

577 1470 806 1506 GENUS
860 1470 1310 1507 ALCIBIADIS.

341 1551 431 1605 Ad
452 1551 757 1602 difficultates
786 1552 978 1615 multas,
1017 1571 1139 1619 quae
1174 1555 1226 1604 in
1259 1571 1438 1621 genere
1460 1550 1676 1603 Alcibia-

210 1633 297 1685 dis*
329 1633 598 1683 enarrando
643 1651 696 1686 se
731 1623 994 1685 obtrudunt
1008 1666 1024 1696 ‚
1084 1636 1125 1683 si
1159 1652 1258 1684 non
1292 1636 1484 1684 omnino
1521 1650 1677 1683 remo-

209 1714 416 1775 vendas,
451 1716 713 1765 maximam
746 1720 907 1762 tamen
940 1721 1124 1778 partem
1154 1714 1500 1779 expediendas,
1538 1713 1685 1780 egre-'

209 1795 289 1862 gie
333 1793 451 1845 mihi
495 1792 615 1846 illud
661 1794 822 1843 facere
864 1792 1053 1842 videtur
1067 1827 1083 1856 ‚
1153 1796 1226 1857 si,
1300 1801 1527 1861 quantum
1563 1786 1678 1842 'fieri

207 1876 406 1940 poterit,
444 1860 506 1924 ad
540 1874 707 1923 ultima
740 1881 958 1939 tempora
989 1875 1355 1937 descendentes,
1394 1893 1516 1940 quae
1553 1874 1679 1939 apud

207 1954 537 2017 Herodotum,
559 1953 916 2021 Thucydidem,
949 1954 1225 2019 Platonem,
1255 1956 1520 2005 Isocratem
1536 1955 1677 2005 alios-

209 2053 305 2101 que
335 2035 397 2083 de
429 2035 521 2084 hac
549 2053 605 2084 re
640 2037 899 2085 memoriae
930 2036 1121 2100 prodita
1155 2038 1440 2097 invenimus,
1476 2036 1680 2102 diligen:

208 2123 285 2165 ter
320 2115 658 2191 coliegerimus
671 2150 689 2178 ‚
738 2115 911 2166 deinde
956 2117 1041 2165 ubi
1086 2116 1165 2166 vel
1206 2118 1333 2166 iuter
1374 2134 1426 2165 se
1459 2115 1538 2164 vel
1571 2133 1679 2183 cum

209 2196 473 2245 serioribus
509 2196 826 2260 scriptoribus
860 2196 1136 2262 discrepent
1149 2230 1165 2258 ,
1228 2196 1345 2263 quid
1384 2214 1550 2248 verum
1593 2196 1676 2257 sit,

208 2284 418 2328 statuere
454 2284 505 2325 et
538 2276 856 2342 comprobare
891 2276 1230 2328 studuerimus.
1316 2276 1501 2329 Omnes
1534 2276 1681 2341 igitur
1738 2298 1744 2305 ·

208 2359 260 2405 in
295 2374 354 2406 eo
391 2350 695 2405 consentiunt
709 2391 725 2419 ‚
782 2355 913 2423 quod
951 2375 1136 2407 summo
1174 2374 1352 2425 genere
1389 2374 1496 2406 eum
1531 2355 1682 2404 fuisse

211 2437 445 2487 scribunt.
519 2437 604 2486 Cf.
643 2450 790 2503 quum
824 2436 945 2485 alios
979 2444 1079 2486 tum
1115 2438 1277 2487 Thuc.
1312 2437 1382 2498 V,
1416 2434 1509 2484 45.
1547 2436 1676 2500 Nep.

209 2516 327 2567 Alc.
376 2519 482 2565 init.
532 2516 642 2567 Cic.
692 2516 898 2567 Tuscul.
937 2517 1043 2579 m,
1088 2516 1181 2566 52.
1265 2514 1318 2564 Α
1362 2522 1512 2563 matre
1556 2517 1680 2566 enim

210 2595 587 2648 Alcmaeonides
616 2596 694 2662 1),
755 2615 785 2646 a
818 2604 955 2662 patre
987 2596 1312 2665 Eurysacides
1354 2596 1473 2656 fuit,
1531 2595 1595 2644 ita
1630 2603 1682 2644 ut

210 2693 664 2711 m,

214 2733 252 2775 Ι)
284 2734 469 2767 Demonth.
494 2746 528 2768 c.
554 2734 644 2769 Mid.
677 2748 714 2780 p.
738 2733 825 2769 561.
859 2732 906 2770 15
939 2746 960 2766 a
989 2738 1089 2779 patre
1118 2732 1407 2766 Alcmaeonidem
1437 2732 1547 2764 fuisse
1580 2733 1678 2766 dicit.

283 2791 399 2834 Quem
425 2792 621 2826 dissensum
648 2793 722 2826 noli
752 2793 802 2827 ita
835 2792 1020 2838 expedire,
1066 2795 1107 2825 ut
1136 2799 1217 2825 cum
1250 2789 1387 2823 Dacier.
1423 2790 1469 2823 nd
1498 2790 1678 2825 Plutarch.
