1816 3182
743 149 853 192 CAP.
882 149 948 190 νι.
1509 155 1576 204 77

119 272 400 340 viguerant,
460 262 703 334 perterriti
744 282 915 333 pacem
959 271 1195 330 peterent.
1234 267 1235 270 ’
1280 265 1411 316 Victi
1454 271 1579 318 enim

119 357 256 401 erant
288 350 497 416 quinque
530 348 725 413 proeliis
758 345 1087 411 terrestribus,
1125 346 1277 396 tribus
1310 349 1576 412 navalibus,
1611 366 1615 369 ·

117 432 168 479 ἰιι
201 429 373 497 quibus
407 427 634 476 ducentas
668 443 815 475 naves
849 427 1131 489 amiserant,
1177 444 1299 493 quae
1329 427 1501 492 captae*
1529 431 1578 476 in

116 510 326 559 hostium
358 513 588 556 venerant
621 508 972 572 potestatem.“
1044 505 1249 573 Singula
1281 505 1402 556 haec
1436 525 1577 572 proe-

116 590 182 638 lia
214 588 426 637 breviter
457 603 740 652 percurrere
774 584 980 651 iuvabit,
1032 605 1094 638 ne
1130 604 1296 637 eorum
1329 606 1578 638 numerum

43 674 49 680 *
117 684 450 735 exaggerasse
472 665 685 714 videatur
719 663 992 716 Cornelius.

255 745 306 796 1.
376 746 553 812 Pugna
586 746 768 795 nav'alis
802 746 864 795 ad
894 745 1125 814 Abydum
1160 748 1431 796 commissa.
1516 748 1578 795 In

117 844 212 894 qua
241 843 385 892 quum
417 825 644 891 ambiguo
670 826 832 877 Marte
856 827 1187 894 Thrasybulus
1218 835 1266 877 et
1292 827 1578 894 Thrasyllus

119 924 227 955 cum
271 905 497 955 Mindaro
526 906 888 972 confligerent,
944 904 1198 957 Alcibiade
1245 925 1353 958 cum
1397 908 1578 959 XVIII

116 987 195 1036 vel
221 986 329 1035 XX
358 986 557 1035 navibus
593 988 956 1051 superveniente
972 1031 976 1037 ,
990 988 1167 1035 factum
1203 994 1293 1049 est,
1329 993 1383 1034 ut
1416 987 1575 1052 splen-

118 1067 408 1117 didissimam
448 1063 774 1115 Athenienses
791 1129 797 1133 ι
814 1066 1062 1116 victoriam
1106 1072 1424 1132 reportarent.
1470 1066 1572 1117 Cf.

117 1148 326 1197 Diodor.
366 1147 471 1196 Sic.
510 1148 658 1209 XIII,
695 1145 789 1195 45.
825 1145 920 1195 46.
970 1146 1200 1212 Xenoph.
1234 1147 1368 1196 Hist.
1401 1145 1492 1196 Gr.
1523 1148 1571 1210 I,

117 1226 169 1291 1,
200 1226 256 1276 5.
301 1225 552 1276 Plutarch.
586 1223 703 1276 Ale.
718 1241 784 1275 e.
814 1226 1039 1277 XXVII.

249 1304 286 1354 2
321 1312 370 1355 et
401 1306 458 1355 5.
528 1306 705 1372 Pugna
738 1306 800 1354 ad
832 1306 1060 1374 Cyzicum
1093 1313 1190 1354 tam
1221 1306 1401 1355 navalis
1430 1324 1575 1373 quam

114 1386 369 1452 pedestris.
459 1383 714 1435 Alcibiade
729 1420 746 1448 ,
806 1387 1110 1436 Theramene
1167 1393 1216 1435 et
1265 1387 1572 1455 Thrasybulo

114 1465 314 1515 ducibus
345 1464 602 1516 Mindarus
634 1472 776 1532 atque
810 1465 1153 1516 Pharnabazus
1187 1466 1282 1513 fusi
1326 1466 1573 1533 fugatique

113 1554 240 1612 sunt.
321 1545 433 1607 Qua
468 1544 603 1594 clade
639 1552 836 1612 accepta
866 1553 1025 1595 tantus
1057 1553 1215 1594 terror
1247 1544 1573 1595 Lacedaemo-

111 1629 299 1677 niorum
334 1627 503 1674 animis
534 1627 736 1676 iniectus
772 1633 870 1690 est,
924 1634 978 1676 ut
1021 1626 1151 1676 illico
1194 1625 1394 1693 legatos
1417 1628 1573 1676 mitte-

112 1714 246 1770 rent,
293 1707 375 1773 qui
409 1706 468 1755 de
502 1724 622 1771 pace
657 1714 876 1774 agerent
891 1725 999 1756 cum
1024 1704 1422 1756 Atheniensibus.
1486 1705 1570 1756 Cf.

112 1785 264 1835 Diod.
300 1785 404 1835 Sic.
441 1786 591 1848 XIII,
624 1784 722 1835 50.
760 1787 992 1854 Xenoph.
1026 1788 1159 1836 Hist.
1196 1784 1288 1835 Gr.
1309 1786 1364 1861 I,
1397 1784 1449 1850 1,
1481 1786 1569 1836 15.

110 1866 361 1916 Plutarch.
401 1883 446 1913 c.
480 1865 730 1916 XXVIII.

245 1945 303 1996 4.
373 1946 550 2012 Pugna
593 1947 834 1995 terrestris
880 1945 942 1994 ad
988 1944 1361 1996 Chalcedonem.
1433 1894 1570 1993 Alci-

109 2026 297 2089 biades,
337 2024 623 2093 Thrasyllus
653 2032 702 2074 et
732 2026 1061 2075 Theramenes
1091 2027 1439 2090 Hippocratem
1470 2025 1569 2072 La-

67 2162 69 2164 ,
111 2124 299 2168 eonem,
337 2124 399 2155 ex
430 2106 550 2155 urbe
585 2114 859 2173 oppugnata
893 2112 1236 2171 erumpentem,
1274 2111 1322 2153 et
1350 2104 1569 2153 Pharna-

109 2185 304 2248 bazum,
343 2184 592 2234 obsidione
628 2203 733 2235 eam
767 2186 954 2235 solvere
990 2187 1256 2251 cupientem
1269 2217 1285 2247 ,
1323 2185 1376 2232 in
1404 2184 1569 2250 fugam

109 2270 408 2314 convertunt.
448 2264 532 2314 Cf.
558 2265 709 2314 Diod.
738 2266 844 2316 Sic.
869 2266 1019 2334 XIII,
1037 2264 1134 2327 66.
1171 2264 1404 2331 Xenoph.
1430 2256 1564 2313 Hist.

110 2344 201 2396 Gr.
224 2345 270 2408 I,
304 2342 361 2407 5,
386 2343 442 2394 5.
487 2345 738 2396 Plutarch.
771 2342 892 2394 Ale.
932 2363 977 2395 e.
1010 2345 1214 2395 XXIX.

155 2485 157 2487 ι
243 2424 346 2474 Sed
379 2426 473 2473 iam
508 2443 674 2476 omnes
709 2428 1085 2490 enumeravimus
1119 2442 1306 2493 pugnas
1338 2432 1435 2473 tam
1469 2429 1566 2472 ter-

106 2512 284 2556 restres
308 2523 450 2574 quam
470 2506 682 2569 navales,
719 2524 875 2574 neque
909 2513 1068 2555 tamen
1095 2507 1339 2572 utriusque
1373 2505 1565 2572 generis

103 2586 213 2651 plus
248 2587 365 2636 duas
411 2576 684 2655 effecimuS,
740 2588 790 2635 in
826 2587 996 2654 quibus
1039 2576 1442 2646 Lacedaemonii,
1505 2601 1567 2632 ex

103 2685 199 2733 quo
233 2676 449 2735 tempore
483 2687 631 2734 penes
665 2666 971 2718 Alcibiadem
1003 2676 1105 2717 erat
1138 2668 1415 2733 imperium,
1451 2666 1568 2715 vieti

102 2754 281 2799 essent.
350 2749 438 2801 ‘Ne
470 2766 587 2800 vero
620 2748 858 2815 Nepotem
893 2754 1109 2799 nostrum
1144 2747 1452 2798 destituamus
1486 2763 1561 2796 er-
