1816 3182
232 184 306 240 52
734 181 885 225 PARS<
899 181 1225 228 POSTEmoR.

234 302 285 349 in
317 297 670 352 matrimonium
704 314 817 349 esse
846 296 1064 353 ductam:
1125 292 1261 349 unde·
1299 297 1620 362 efficeretur„
1650 305 1704 347 ut

236 379 586 446 Dinomachc‚·-
601 379 794 430 etiamsi
820 396 920 428 non
954 392 1201 445 germana,
1239 396 1380 429 soror
1412 386 1572 428 tamen
1603 378 1701 427 Pe-

236 463 346 512 ricli
378 464 482 513 iure
515 467 683 528 posset
709 458 967 525 appellari.
1048 459 1233 511 Verum
1267 460 1388 509 nihil
1418 465 1579 527 potest
1607 457 1702 508 hac

237 544 520 593 coniectura
548 541 720 608 magis
739 556 801 589 ex
832 555 958 588 vano
993 556 1099 588 esse
1133 539 1373 589 haustum.

376 621 525 684 Quod
568 628 728 670 autem
768 621 1017 686 privignus
1049 616 1330 670 Alcibiades
1370 618 1554 670 Pericli
1585 616 1703 666 dici-

236 710 343 764 tur,
388 717 585 765 omnes,
633 700 805 766 Magio
839 707 1131 765 praeeunte,
1168 701 1235 749 ita
1264 700 1405 757 video
1441 698 1701 764 explicare,

235 790 288 831 ut
324 781 546 831 Pericles
559 813 577 843 ,
635 779 821 827 sinon
853 773 1154 841 Alcibiadis,
1213 780 1316 828 eius
1348 787 1509 830 tamen
1540 778 1705 827 uxoris

235 864 433 911 vitricus
450 868 597 910 =recte
617 858 787 924 ‚possit
805 858 1070 924 appellari,
1108 877 1254 925 quum
1287 867 1410 911 teste
1438 858 1702 909 Plutarcho

234 931 420 992 Pericl‘.
467 957 516 988 c.
553 938 755 989 XXIV.
778 938 1047 1005 Hipponici
1089 957 1243 1003 uxor,
1300 946 1453 989 mater
1497 939 1701 1002 Calliae,

233 1030 405 1089 postea
438 1022 501 1070 sit
532 1019 719 1069 Pericli
761 1028 929 1086 nupta.
1014 1020 1173 1071 Mirus
1208 1027 1411 1086 quantus
1447 1022 1704 1081 errantium

236 1101 524 1152 consensus!
563 1099 691 1152 Illud
723 1101 851 1150 enim
879 1100 971 1147 viri
999 1098 1130 1150 docti
1161 1099 1432 1167 neglexisse
1459 1101 1700 1164 videntur,

235 1200 335 1231 non
365 1199 511 1248 posse
539 1179 631 1228 hac
659 1181 721 1228 ina
737 1197 794 1228 re
821 1180 875 1227 in
904 1178 1054 1228 verba
1084 1179 1337 1238 Plutarchi
1365 1182 1530 1244 iurari,
1565 1199 1703 1247 prae-

236 1262 402 1311 sertim
436 1279 582 1329 quum
615 1267 808 1327 praeter
841 1277 951 1308 eum
983 1261 1163 1309 nemini
1195 1260 1247 1308 in
1279 1268 1486 1311 mentem
1519 1262 1706 1310 venerit

234 1341 331 1390 tale
365 1342 721 1395 matrimonium
751 1357 1041 1391 memorare.
1112 1341 1376 1391 Enimvero
1412 1359 1474 1391 ex
1507 1342 1704 1409 Thucy-

235 1421 346 1472 dide
373 1420 498 1490 (111,
526 1420 627 1491 91)
657 1423 995 1490 cognoscimus
1026 1422 1355 1488 Hipponicum
1384 1421 1605 1485 eundem,
1643 1422 1703 1473 de

234 1521 333 1571 quo
352 1502 645 1567 Plutarchus
665 1503 925 1551 memoriae
945 1501 1176 1567 prodidit,
1202 1501 1288 1551 ol.
1298 1503 1648 1567 LXXXVIII,
1665 1503 1703 1553 5

235 1584 389 1632 fuisse
429 1601 576 1631 unum
623 1601 684 1632 ex
735 1582 937 1632 ducibus
981 1579 1389 1639 Atheniensibus·
1374 1602 1390 1647 3
1460 1584 1704 1634 Periclem

236 1670 394 1713 autem
442 1663 537 1710 iam
584 1661 670 1711 01.
708 1662 1069 1723 LXXXVII,
1086 1660 1127 1710 4
1175 1670 1311 1727 peste
1358 1670 1630 1730 correptum
1675 1681 1703 1712 e

234 1746 332 1798 vita
364 1742 630 1792 decessisse
671 1761 731 1792 ex
767 1743 937 1793 eodem
972 1742 1259 1809 Thucydide
1295 1745 1488 1793 scimus.
1560 1740 1716 1798 Unde*

234 1826 328 1874 nisi
360 1809 487 1874 forte
516 1823 793 1892 Thucydidi
827 1823 1041 1873 diffidere
1078 1842 1220 1891 quam
1254 1797 1522 1875 Plutarcho
1556 1825 1704 1875 malu-

234 1923 369 1968 mus,
407 1922 506 1955 non
533 1922 677 1970 posse
705 1904 950 1969 Periclem
982 1905 1174 1955 duxisse
1209 1906 1475 1971 Hipponici
1504 1923 1704 1956 uxorem

236 1986 471 2053 sequitur,
552 1982 627 2033 At
667 1985 861 2033 finxerit
905 1986 1156 2051 quispiam>
1183 1985 1451 2050 Hipponici
1483 2004 1701 2050 uxorem,

236 2066 443 2135 divortio
479 2065 609 2113 facto
622 2099 639 2128 ,
699 2066 809 2113 vivo
843 2066 1006 2130 priore
1041 2066 1213 2113 marito
1246 2065 1431 2115 Pericli
1463 2068 1701 2132 nupsisse.

234 2147 307 2195 Ut
338 2161 456 2194 vero
488 2146 554 2193 ita
589 2146 769 2194 factum
800 2164 909 2194 esse
945 2145 1291 2207 concedamus,
1328 2145 1448 2194 nihil
1481 2147 1573 2196 hac
1605 2148 1704 2196 effi-

235 2228 389 2276 cietur
421 2227 715 2275 coniectura.
788 2226 1046 2275 Cornelius
1080 2227 1206 2274 enim
1238 2225 1426 2276 verbis.
1459 2229 1705 2293 privignus

235 2309 360 2357 enim
400 2323 513 2355 suus
557 2304 706 2373 fuisse
748 2308 953 2370 dicitur,
1010 2305 1223 2355 indicare
1269 2306 1400 2369 vult,
1460 2306 1703 2373 quomodo

237 2390 417 2436 factum
452 2388 534 2447 sit,
571 2392 625 2432 ut
659 2386 710 2432 in
744 2386 887 2434 domo
922 2387 1131 2435 Periclis
1161 2386 1441 2435 Alcibia'des
1476 2386 1703 2435 educare·

235 2475 332 2517 tur.
414 2465 570 2515 Duxit
614 2470 801 2529 autem,
858 2467 901 2515 si
944 2465 1186 2515 Dodwelli
1227 2466 1475 2532 sequimur
1516 2464 1705 2515 doctam

236 2547 607 2613 disputationem
648 2546 699 2592 in
731 2543 933 2595 Annali.
973 2547 1165 2595 Thucc.
1205 2547 1354 2594 Τοιιι.
1392 2547 1463 2593 Π.
1505 2564 1558 2610 p.
1596 2545 1703 2595 691

235 2626 447 2685 Becker.
463 2659 480 2689 ,
535 2624 839 2690 Hippareten
872 2644 997 2675 anno
1029 2625 1197 2675 aetatis
1232 2624 1475 2673 tricesimo
1510 2632 1702 2693 quarto,

236 2705 422 2757 duobus
462 2705 611 2772 igitur
643 2704 722 2753 vel
755 2706 909 2754 tribus
938 2706 1113 2762 >lustris
1153 2710 1267 2769 post
1299 2704 1543 2755 Periclem
1575 2724 1705 2767 mor-

233 2794 384 2837 tuum.
460 2785 609 2847 ⁴Quae
650 2802 796 2852 quum
840 2788 905 2835 ita
950 2788 1075 2849 sint,
1107 2785 1287 2850 posito
1334 2784 1447 2849 illo,
1501 2786 1563 2837 de
1605 2804 1703 2855 quo
