1816 3182
725 157 835 222 cm
865 178 940 221 xn.
983 206 985 208 -
1014 143 1017 149 ’
1458 170 1572 229 105

25 316 28 319 ’
86 303 405 371 τελευτῆσαι.
449 297 701 350 Plutarch.
727 294 844 345 Alc.
871 290 1205 344 c.xxX1X.
1245 290 1319 343 Οἱ
1338 292 1393 343 δὲ
1416 307 1570 358 πεμφ-

117 387 286 443 θέντες
327 379 448 448 πρὸς
491 377 639 430 αὐτὸν
689 375 776 427 οὐκ
820 372 1089 441 ἐτόλμησαν
1132 372 1392 432 εἰσελθεῖν,
1447 368 1571 421 ἀλλὰ

117 464 283 531 avuto*
301 460 392 531 τὴν
420 461 575 512 οἰκίαν
615 452 919 524 περιστάντες
950 454 1310 519 ἐνεπίμπρασαν
1340 457 1455 500 cett.
1490 445 1570 498 us·-

35 539 37 541 ’
118 560 211 609 que
232 540 307 590 ad
334 559 415 590 vv.
440 541 645 604 ἔβαλλον
676 535 910 596 ἀκοντίοις
939 535 1022 585 καὶ
1049 528 1341 597 τοξεύμασιν.
1382 529 1571 580 Cetera

67 664 69 666 ,
118 639 240 688 quae
280 620 376 685 huc
417 619 599 670 faciunt
638 615 772 682 apud
805 632 918 678 eos,
974 630 1096 681 quos
1129 611 1258 674 dixi,
1312 602 1572 676 scriptores

82 716 370 765 -comparaz
434 698 500 746 ita
541 714 772 768 summum
815 677 1065 744 Plutarchi
1109 699 1158 742 et
1202 690 1418 741 Cornelii
1463 707 1571 739 cum

117 779 336 828 Diodoro
382 794 665 827 consensum
717 776 929 824 invenies
943 807 960 836 ,
1029 773 1112 839 qui
1161 772 1423 836 scriptores
1472 787 1571 819 non

116 858 253 908 aliter
285 857 528 918 differunt,
564 855 658 904 nisi
688 854 819 921 quod
850 854 920 903 illi
953 852 1192 919 copiosius
1225 850 1430 917 plurima
1462 867 1572 915 per-

118 944 403 1003 sequuntur,
446 952 568 1001 quae
601 934 682 982 hic
715 933 926 982 breviter
957 940 1139 981 tantum
1171 932 1343 998 tangit.
1421 929 1572 979 Paul-

78 1069 86 1075 ,
116 1016 263 1065 lulum
308 1014 497 1082 quidem
522 1013 602 1062 ‘ab
647 1013 724 1062 his
756 1013 979 1062 Justinus
1024 1012 1241 1061 dissentit
1273 1012 1343 1073 V,
1379 1010 1417 1060 8
1450 1006 1572 1066 hacc

116 1096 359 1155 referens:
412 1093 613 1156 „Vivus
652 1092 703 1140 in
746 1090 968 1141 cubiculo
982 1124 1000 1154 ,
1054 1091 1115 1164 in·
1149 1107 1245 1157 quo
1286 1090 1570 1153 dormiebat,

118 1181 352 1223 crematus
386 1177 533 1235 est,“
589 1189 731 1239 quem
772 1170 992 1239 equidem
1027 1169 1293 1220 dissensum
1325 1170 1573 1221 brevitatis

116 1253 272 1303 studio
305 1252 527 1302 tribuam.

251 1332 383 1394 Quid
416 1334 478 1381 sit
510 1330 627 1383 illud
662 1331 722 1379 de
754 1329 942 1394 hospite
978 1348 1038 1379 ex
1065 1327 1297 1392 Arcadia,
1335 1327 1417 1397 qui
1450 1343 1570 1379 nun-‘-

117 1430 260 1480 quam
280 1411 526 1463 discedere
545 1410 777 1472 voluerat,
802 1427 946 1475 quum
968 1409 1124 1473 nullus
1144 1416 1336 1475 praeter
1355 1416 1571 1460 nostrum

100 1495 323 1558 'scriptor
356 1493 457 1540 eius
491 1491 778 1539 mentionem
812 1489 1019 1551 iniiciat,
1066 1489 1256 1538 difficile
1293 1497 1367 1538 est
1399 1489 1569 1538 diiudi-'

26 1581 29 1584 ’
118 1579 244 1621 catu.
325 1569 556 1620 Attamen
603 1570 718 1637 quin
759 1582 873 1618 vere
917 1570 1118 1632 vixerit,
1186 1587 1285 1619 non
1326 1576 1400 1618 est
1442 1567 1573 1636 quod

117 1652 402 1701 dubitemus.
471 1651 642 1716 Neque
691 1649 845 1716 magis
891 1649 1009 1698 illud
1051 1649 1210 1716 placet
1249 1650 1301 1698 in
1334 1650 1572 1716 ‘suspicio-

118 1751 243 1783 nem,
259 1747 461 1793 vocare,
495 1729 647 1797 quod,
683 1729 873 1795 Nepote
908 1735 1127 1792 auctore,
1168 1729 1354 1797 gladius
1389 1731 1435 1778 ei
1472 1735 1575 1779 erat

116 1810 373 1860 subductus
386 1841 404 1871 ‚
469 1810 691 1875 quoniam
705 1841 722 1871 ,
789 1809 881 1857 etsi
927 1808 1106 1857 nullum
1157 1809 1276 1858 alius
1313 1792 1574 1876 ‘scriptoris

116 1891 434 1939 testimonium
468 1888 578 1938 huic
611 1890 873 1937 narrationi
910 1889 1068 1937 faveat
1081 1922 1097 1950 ‚
1155 1906 1254 1937 non
1296 1895 1456 1953 potest
1499 1890 1570 1938 in-

118 1969 297 2029 veniri,
344 1967 439 2016 hoc
474 1967 533 2015 de
567 1985 654 2016 suo
689 1968 942 2016 addiderit.
1013 1969 1185 2016 Potius
1217 1969 1337 2016 haec
1370 1976 1572 2034 utraque

116 2065 195 2097 res
239 2053 430 2095 nostrae
444 2080 460 2109 ,
522 2064 664 2112 quam
703 2048 798 2095 iam
842 2064 984 2111 supra
1030 2046 1090 2095 de
1137 2045 1351 2096 Cornelii
1395 2049 1446 2096 in
1493 2049 1571 2097 his

115 2126 259 2175 rebus
293 2128 572 2175 auctoritate
614 2128 947 2192 proposuimus
960 2159 977 2188 ‚
1038 2127 1249 2192 opinioni
1283 2128 1568 2177 documento

75 2243 77 2245 .
116 2207 207 2254 erit
240 2211 288 2254 et
320 2205 584 2269 praesidio,
620 2224 731 2255 ‘nou
763 2206 1040 2273 Ephorum,
1079 2206 1165 2255 sed
1199 2208 1581 2275 Theopompum·

116 2285 194 2334 hic
228 2284 430 2349 Nepotis
464 2304 570 2336 esse
606 2285 794 2336 ducem.

249 2364 504 2413 Postremo
550 2383 672 2430 quae
714 2367 857 2415 fuerit
900 2366 981 2414 illa
1024 2365 1218 2428 mulier,
1275 2374 1327 2415 ut
1372 2366 1431 2415 de
1476 2324 1568 2414 hac

115 2444 255 2491 etiam
290 2443 468 2510 aliquid
503 2445 755 2508 addamus,
794 2463 918 2513 quae
952 2447 1074 2494 iusta
1107 2443 1351 2495 Alcibiadi
1383 2446 1567 2512 persol-

116 2524 262 2584 verit,
319 2523 384 2572 >de
418 2523 509 2573 hac
542 2542 596 2573 re
630 2542 728 2573 non
762 2526 985 2578 convenit
1017 2527 1140 2574 inter
1172 2526 1483 2575 Plutarchum
1519 2533 1568 2575 et

112 2598 444 2668 Athenaeum3
500 2621 656 2670 ‚quum
709 2605 790 2654 ille
839 2605 1029 2672 quidem
1076 2605 1385 2655 Timandram
1399 2639 1416 2668 ‚
1486 2606 1568 2656 hic

112 2688 268 2743 autem
298 2682 586 2733 Theodoten
615 2702 719 2733 eam
748 2693 1006 2751 nuncupet.
1078 2686 1229 2748 Quod,
1253 2687 1297 2735 ‘si
1325 2686 1565 2736 Baehrius

32 2756 34 2759 ’
111 2759 171 2808 ad
203 2761 454 2812 Plutarch.
488 2760 603 2813 Ale.
641 2781 692 2829 p.
726 2762 831 2813 261
844 2799 860 2827 ‚
898 2765 1041 2832 idque
1073 2765 1244 2816 merito
1259 2799 1276 2829 ,
1311 2766 1563 2816 Hemster·
