1816 3182
171 138 222 206 Β
733 140 871 183 rans
898 141 1076 185 rmon.

191 272 337 322 quam
368 255 539 307 urbem
574 255 885 324 significaret,
916 259 1033 307 satis
1059 276 1126 309 ex
1154 259 1288 309 omni·
1316 257 1663 308 sententiarum,

190 338 508 401 perpetuitate
540 336 761 402 patebat,
802 337 866 386 ad
896 335 1117 387 Athenas
1151 338 1429 387 indicandas
1462 337 1567 385 solo
1601 355 1652 384 v.

194 418 419 480 oppidmn
444 435 559 465 usus
588 424 691 479 est3
728 434 827 465 non
852 434 970 466 vero
1000 417 1061 465 ad
1091 418 1218 467 solas
1236 416 1474 468 Athenas.
1532 418 1657 466 Nam

193 495 436 545 nonnullis
468 496 589 544 loeis
625 495 745 545 aliae
780 494 971 562 quoque
1011 496 1158 547 urbes
1189 515 1369 564 eaeque
1404 497 1657 563 primariae

182 573 291 623 >hoc
314 593 365 623 v.
398 576 757 641 significantur,
793 583 846 623 ut
868 575 1047 641 Sparta
1069 575 1263 644 Agesil.
1288 579 1382 639 VI,
1407 576 1458 625 1.
1535 578 1657 625 The-

196 655 285 703 bae
325 654 503 720 Pelop.
540 655 587 718 1,
614 653 680 705 2.
739 653 1023 721 syracusae
1049 657 1219 707 Dion.'
1238 658 1338 720 IX,
1358 654 1428 706 -1.·
1515 656 1658 704 Hanc

196 741 354 784 autem
387 735 556 785 urbem
593 735 889 803 Syracusae,
948 753 1093 801 quum
1126 737 1269 802 paulo
1305 739 1413 785 ante
1452 735 1658 803 Syracu-

194 827 420 864 sanorum
461 816 640 864 mentio
686 815 815 875 faeta
860 823 1024 878 esset,
1073 823 1127 863 ut
1167 835 1228 881 ne
1264 818 1372 882 quis
1406 812 1669 872 indicatam

196 912 303 944 esse
340 897 646 962 opinaretur,¹
704 914 882 946 nomen
913 895 1047 945 urbis
1079 913 1108 944 a
1141 894 1332 960 Nepote
1368 895 1543 946 diserte
1578 895 1660 969 ad-

196 976 374 1025 iectum
411 984 502 1026 est.

335 1058 668 1123 deiicerentur]
750 1059 1067 1124 Imaginarius
1113 1058 1273 1121 potius
1326 1074 1467 1122 qnam
1518 1074 1660 1105 verus

196 1133 386 1185 videtur
421 1154 555 1200 esse,
605 1155 748 1204 quem
779 1142 989 1186 statuunt
1019 1137 1286 1187 dissensum
1320 1138 1444 1185 inter
1478 1130 1661 1187 Corne·
1709 1199 1713 1205 ,

196 1215 314 1264 lium
341 1216 554 1284 aliosque
587 1218 867 1282 scriptores,
906 1219 989 1285 qui
1023 1218 1236 1267 eiusdem
1269 1219 1342 1266 rei
1373 1218 1663 1265 mentionem

197 1296 439 1346 fecerunt.
526 1298 611 1346 Sic
647 1299 773 1346 enim
808 1306 1223 1365 argumentantur:
1274 1316 1440 1346 omnes
1473 1304 1664 1362 praeter

199 1373 480 1426 Cornelium
513 1378 565 1426 in
600 1395 658 1427 eo
693 1380 991 1441 consentire,
1030 1377 1160 1444 quod
1194 1376 1479 1445 περικοπὴν,
1525 1377 1663 1424 muti-

197 1455 426 1506 lationem
457 1458 767 1507 ·Hermarum
819 1460 995 1507 saetam
1048 1476 1154 1507 esse
1207 1457 1420 1506 referant
1478 1456 1659 1525 (Thue.
1709 1451 1712 1454 ¹

200 1533 294 1598 VI,
332 1534 425 1587 27.
472 1538 620 1588 Dem.
659 1539 787 1589 Mid.
826 1559 872 1589 e.
911 1537 991 1589 40
1028 1538 1107 1588 ed.
1145 1539 1330 1587 Buttm.
1368 1531 1579 1586 Andoe.
1604 1537 1664 1586 de

199 1624 399 1683 myster.
439 1618 921 1686 Tom.1v.p..17
958 1618 1048 1669 19.
1079 1617 1177 1667 20.
1215 1617 1294 1666 ed.
1333 1616 1503 1666 Reisk.
1539 1617 1661 1684 Lys.

200 1704 369 1746 contra
413 1695 532 1750 Ale.
577 1703 694 1750 min.
746 1703 893 1750 Tom.
930 1701 999 1751 V.
1048 1718 1100 1765 p.
1134 1696 1264 1746 252.
1303 1696 1430 1745 551.
1490 1697 1661 1746 Reisk.
1773 1715 1798 1749 ,ν

199 1777 352 1827 Diod.
392 1779 499 1829 sie.
537 1782 685 1831 XIII.
720 1781 775 1831 2.
825 1782 959 1830 Plut.
991 1778 1109 1829 Ale.
1148 1797 1194 1828 e.
1228 1776 1461 1843 XVIII),
1507 1797 1535 1827 a
1570 1796 1665 1844 quo
1791 1782 1795 1824 ἰ

199 1863 302 1907 toto
351 1860 489 1927 eoelo
535 1861 679 1912 distet
725 1861 1065 1912 Cornelianum
1109 1860 1204 1908 hoe
1253 1860 1470 1907 deiicere.
1565 1858 1669 1908 Sed

168 1955 299 1986 vnon
339 1940 562 1989 viderunt
603 1942 672 1990 illi
685 1976 701 2005 ‚
761 1942 1007 2007 praeclare
1057 1959 1084 1988 a
1134 1940 1323 1987 Latinis
1375 1956 1419 1987 v,
1471 1940 1670 1987 deiicere

195 2020 602 2083 circumcidendi,
651 2022 925 2083 mutilandi,
974 2019 1288 2069 detruncandi
1322 2017 1668 2084 significatione
1688 2036 1696 2072 1

199 2100 334 2164 poni.
368 2099 453 2150 Cf.
489 2100 732 2151 Goerenz.
772 2101 834 2150 ad
869 2100 978 2161 Cic.
1015 2100 1180 2167 Legg.
1211 2100 1284 2161 Π,
1321 2096 1414 2147 26.
1488 2096 1668 2160 Quam-

200 2196 346 2245 quam
379 2180 459 2230 hic
494 2183 662 2241 minus·
683 2188 815 2231 reete
830 2215 847 2244 ‚
877 2183 1059 2247 vopinor
1072 2214 1089 2243 ‚
1127 2182 1194 2228 ita
1226 2173 1357 2228 hane
1387 2179 1483 2227 vim
1519 2180 1669 2247 expli-

201 2266 279 2308 cat
292 2293 309 2323 ‚
360 2268 414 2310 ut
446 2262 594 2311 veluti
627 2268 972 2329 praegnantem
1015 2279 1120 2312 eam
1163 2278 1270 2309 esse
1317 2258 1513 2331 iudicet.
1585 2257 1671 2309 Ad

199 2341 354 2405 ipsam
389 2343 514 2390 enim
549 2342 687 2391 verbi
722 2344 957 2408 originem
995 2340 1380 2390 descendendum
1415 2331 1523 2386 erit.
1571 2341 1669 2389 De-

201 2421 341 2470 ficere
376 2423 503 2470 enim
540 2428 613 2469 est
647 2423 804 2470 iacere
818 2455 834 2484 ,
873 2438 1066 2471 movere
1102 2420 1161 2469 de
1197 2427 1351 2482 statu,
1402 2435 1498 2483 quo
1533 2426 1672 2469 antea

200 2500 382 2566 aliquid
417 2502 580 2564 fuerit,
619 2520 647 2550 e
676 2502 819 2550 solito
856 2508 981 2549 statu
1010 2501 1212 2565 pellere,
1251 2498 1423 2548 deinde
1460 2515 1671 2548 corrum-

199 2595 344 2653 pere,
395 2581 634 2631 mutilare.
720 2581 835 2631 Non
881 2598 1072 2647 semper
1116 2581 1264 2647 igitur
1309 2584 1411 2627 est.
1447 2576 1528 2636 de
1574 2578 1673 2628 alto

183 2661 521 2725 *praecipitare
534 2697 551 2725 ‚
599 2662 732 2711 humi
764 2668 1091 2734 prosternere.
1142 2659 1228 2709 Cf.
1266 2660 1409 2708 etiam
1401 2635 1671 2727 *Virgilia-

183 2757 322 2789 .uum
355 2740 502 2792 illud.
553 2742 767 2792 crinibus
802 2740 1018 2790 deiectis.
1103 2739 1218 2789 Non
1251 2740 1398 2807 igitur
1431 2743 1674 2808 suspican-
