1816 3182
152 126 227 177 10
735 129 870 171 PARS
901 131 1063 171 muon

149 250 296 292 mata.
381 242 684 308 Quamquam
729 246 855 293 enim
897 244 1016 293 illud
1055 244 1273 295 Bardilio
1319 244 1616 314 largiendum
1656 299 1659 308 ,

152 331 244 385 est,
283 341 426 389 saepe
458 324 706 386 libem-ios,
745 341 891 390 quum
927 342 1022 373 vox
1055 325 1214 392 aliqua
1247 328 1307 374 in'
1327 328 1496 376 eadem
1529 345 1614 394 pe-

151 405 288 452 riodo
323 405 401 452 his
435 410 737 464 occurreret,
795 404 1098 453 festinatione
1132 406 1212 455 vel
1246 426 1436 471 errore,
1492 425 1614 475 quae

150 486 489 534 interiacerent
503 519 519 547 ‚
557 485 775 533 omisisse
785 503 802 533 ,ι
848 502 1013 534 verum
1042 492 1201 536 tamen
1234 488 1287 537 h.
1324 489 1362 537 l.
1400 489 1493 538 tale
1528 489 1613 538 ali-

149 564 267 631 quid
300 565 480 613 factum
514 583 652 626 esse,
711 582 860 629 quum
891 567 958 613 ita
990 573 1248 615 statuamus
1283 587 1381 616 non
1415 586 1612 618 necesse

148 647 210 693 sit
225 680 240 707 ,
288 646 431 710 plane
467 644 740 711 negandum
776 652 866 693 est.
938 645 1110 693 Potius
1144 647 1263 695 haec
1298 650 1444 698 verba
1462 671 1488 699 :v
1524 654 1612 699 ita-

147 741 238 792 que
273 726 357 774 ille
388 732 553 791 postea
586 724 883 783 Mercurius,
948 739 1069 787 quae
1104 726 1155 772 in
1188 744 1284 774 uno
1316 735 1495 777 tantum
1531 746 1611 777 co·
1682 743 1687 753 ‘

146 804 253 873 dice
291 812 340 852 et
373 807 423 852 in
457 822 552 852 una
588 803 795 851 editione
830 804 1161 866 inveniuntur,
1210 809 1412 856 maxime
1446 809 1610 856 viden-

145 891 223 932 tur
256 893 479 950 suspecta
506 892 555 934 et
582 883 767 932 librarii
798 891 1115 933 commentum
1143 885 1291 934 olent.
1363 889 1610 938 Facillime

145 966 272 1013 enim
305 965 413 1014 fieri
446 966 627 1030 potuit,
675 971 728 1011 nt
760 963 1015 1026 librarius,
1066 968 1148 1031 qui
1182 967 1393 1030 sciebat,
1442 977 1611 1033 postea

146 1044 336 1093 demum
371 1048 438 1094 ita
473 1046 652 1094 dictum
692 1043 820 1091 hunc
854 1044 1101 1109 Hermen,
1160 1066 1300 1114 quam
1328 1050 1491 1102 ¹ceteri
1528 1049 1609 1098 de·

142 1126 256 1172 iecti
298 1132 491 1186 essent,
558 1141 715 1188 neque
759 1123 982 1185 videbat,
1043 1128 1139 1174 iam
1185 1129 1297 1175 satis
1341 1128 1459 1175 illud
1503 1131 1609 1193 ipso

142 1212 360 1269 tempore
395 1205 469 1270 pf.
507 1212 699 1253 vocatus
733 1204 833 1252 sive
866 1206 1100 1254 evocitatus
1135 1215 1205 1256 est
1236 1207 1465 1272 indicari,
1492 1209 1610 1260 >luce

145 1285 319 1333 clarius
368 1285 463 1333 hoc
511 1302 823 1349 expressurus
870 1302 950 1331 vv.
999 1285 1081 1333 illa
1126 1287 1372 1336 adiecerit.
1460 1289 1609 1338 Certo

142 1367 269 1414 enim
305 1365 559 1415 Cornelius
573 1398 591 1427 .,
648 1365 690 1411 si
731 1364 826 1410 iam
874 1358 1014 1412 antea
1045 1364 1318 1416 Andocidis
1351 1368 1481 1416 illam
1514 1376 1609 1417 sta-

139 1454 269 1494 tuam
303 1453 521 1494 vocatam
559 1462 665 1493 esse
700 1442 972 1510 significare
989 1443 991 1446 ’
1008 1446 1266 1509 voluisset,
1320 1449 1458 1513 impf.
1483 1466 1610 1497 usus

139 1534 292 1576 esset:
329 1527 382 1575 id
412 1526 544 1592 quod
577 1527 742 1574 nescio
770 1526 1012 1590 quomodo
1035 1527 1303 1576 Bandilium
1335 1529 1490 1595 fugit,
1529 1530 1612 1596 qui

139 1626 201 1657 ex
241 1610 301 1657 iis
342 1614 558 1670 tantum,
623 1623 745 1673 quae
781 1607 831 1653 in
866 1606 978 1655 cod.
1018 1608 1150 1656 Dan.
1191 1615 1239 1657 et
1273 1608 1351 1657 ed.
1389 1608 1493 1657 Ult.
1527 1610 1610 1658 ad-

137 1689 263 1737 iecta
299 1695 427 1749 sunt,
465 1687 603 1749 illud,
641 1686 772 1752 quod
804 1694 973 1751 postea
1006 1688 1198 1736 demum
1233 1690 1302 1737 sic
1337 1697 1606 1752 vocaretur,

137 1769 307 1835 colligi
358 1768 513 1817 iubet.
613 1768 877 1816 Praeterea
936 1767 1237 1834 glossematis
1291 1770 1608 1832 suspicionem

137 1831 284 1917 auget
318 1868 367 1897 v.
407 1848 703 1909 Mercurius,
743 1847 873 1913 quod
907 1865 968 1896 an
1002 1849 1198 1897 omnino
1233 1849 1328 1896 hoc
1363 1866 1507 1896 sensu
1539 1848 1608 1898 le-

135 1938 308 1996 gatur,
360 1929 556 1978 dubium
592 1935 683 1976 est.
759 1927 1063 1995 Quocunque
1107 1931 1234 1978 enim
1275 1929 1385 1977 loco
1426 1930 1610 1995 lapides

137 2011 209 2059 illi
252 2010 473 2076 quadrati
517 2016 978 2072 commemorantur,
1038 2010 1331 2058 Hermarum
1376 2010 1640 2060 vocabulo·

137 2094 399 2156 scriptores
434 2096 649 2150 utuntur,
687 2096 741 2135 ut
770 2088 879 2137 Cic.
911 2091 1075 2155 Legg.
1109 2090 1180 2150 II,
1219 2087 1319 2151 263
1358 2089 1420 2135 ad
1451 2088 1606 2158 Attic-v

137 2172 182 2234 Ι,
211 2171 268 2220 4.
343 2173 514 2237 Neque
546 2170 665 2221 illud
697 2171 748 2217 in
778 2168 938 2217 medio
962 2169 1233 2235 relinquere
1263 2168 1469 2217 debebat
1489 2171 1611 2218 Bar-

139 2252 299 2313 dilius,
336 2248 624 2299 Andocides
658 2248 917 2316 legendum
954 2251 1111 2297 sitan
1138 2246 1428 2311 Andocidis‚
1464 2245 1611 2314 quum

137 2335 291 2381 vetari
337 2350 427 2380 nos
473 2332 817 2380 nominativum
869 2331 1118 2394 praeferre
1133 2364 1149 2392 ‚
1222 2331 1308 2379 sed
1354 2331 1612 2396 genitivum

137 2415 277 2464 unice
314 2431 483 2463 verum
529 2402 834 2461 iudicandum
869 2428 975 2460 esse
989 2445 1007 2475 ‚
1067 2428 1094 2461 e
1130 2409 1332 2460 Graecis
1368 2409 1611 2475 scriptori-

137 2496 229 2543 hus
265 2512 411 2559 supra
449 2493 669 2559 alleg-atis
718 2494 832 2540 satis
874 2493 1072 2558 liqueat.
1159 2492 1265 2541 Sed
1307 2490 1455 2538 multo
1501 2509 1612 2555 pto-

139 2577 248 2642 pius
275 2574 343 2623 vad
370 2593 538 2623 verum
567 2591 711 2639 quam
735 2571 922 2620 Bau-dil.
951 2574 1212 2623 accessisse
1235 2570 1423 2618 videtur
1451 2571 1614 2621 Dach-

139 2658 268 2718 nius‚
307 2656 391 2721 qui
426 2656 492 2702 ita
525 2654 627 2702 vult
661 2654 790 2720 legi:
832 2670 879 2700 a.
919 2656 954 2701 ἰ.
992 2672 1038 2702 e.
1077 2651 1368 2713 Andocidi-e,
1405 2650 1616 2701 Αιιάαοί-

140 2739 307 2805 disque
339 2738 570 2785 vocitatus
605 2743 704 2796 est,
765 2733 828 2783 ad
861 2733 1007 2783 fidem
1042 2731 1154 2782 cod.
1189 2731 1353 2782 Oxou.
1393 2732 1617 2784 exhiben-
