1816 3182
759 178 870 220 cu».
898 179 963 219 vl.
1021 216 1022 219 ,
1520 181 1590 231 75
1640 144 1642 147 ¹

130 284 248 346 facit
271 292 587 346 mentionem.
658 290 752 343 Ab
774 292 882 344 'hoc
917 292 1168 344 destitutus
1181 327 1198 357 ,
1255 295 1459 361 primum
1502 313 1591 362 per

130 375 534 443 Thrasybulum,
572 372 712 439 Lyci„
740 373 890 422 filium
903 408 920 437 ,
976 374 1037 423 ab
1083 375 1296 424 exercitu
1342 377 1588 440 recipitur,

130 458 421 522 praetorque
444 453 509 511 'lit
543 453 669 518 apud
703 452 928 519 Samum3
946 454 1094 521 Tpost,
1132 454 1423 521 suffragante
1457 455 1589 504 The-

130 526 326 584 ramene
337 567 354 598 ,
395 532 698 600 'populiscitu
742 537 1007 584 restituitur
1045 535 1245 600 parique
1288 534 1462 583 absens
1503 536 1590 582 im-

130 610 284 679 perio¹
313 614 589 680 praeficitur
632 613 783 662 simul‘
819 632 928 663 cum
962 613 1268 681 Thrasybulo
1309 619 1365 662 et'
1404 612 1591 662 Thera-

130 695 338 743 mene.‘.‘
406 694 596 744 Harum
623 712 784 744 rerum
808 697 892 762 qui
924 712 1075 745 nexus
1105 695 1168 743 sit
1201 701 1250 744 et
1278 712 1373 761 qua
1407 696 1592 743 ratione

132 771 387 845 Cornelius
422 790 529 825 cum
564 775 668 824 aliis
702 774 1016 841 scriptoribus
1044 775 1301 837 concinat,
1321 792 1468 841 quum
1486 777 1593 822 :non

132 851 371 932 sit'primo
392 856 561 906 obtutu
577 856 881 905 manifestum
898 870 1055 924 neque
1079 873 1177 906 non
1194 857 1407 905 virorum
1425 854 1591 904 docto-

130 950 238 981 rum
256 934 588 985 dubitationes
632 935 862 1002 quasdam
906 937 1139 997 moverit,
1196 953 1295 984 non
1338 953 1592 1000 possumus

132 1014 262 1080 quin,
280 1015 342 1064 ad
375 1016 500 1065 hanc
532 1018 637 1065 rem
670 1013 996 1064 illustrandam
1010 1049 1026 1078 ,
1078 1014 1319 1081 quomodo
1353 1015 1437 1063 illo
1471 1023 1590 1063 tem-

130 1111 250 1159 pore
278 1083 646 1146 Atheniensium
671 1095 942 1161 respublica
967 1102 1242 1161 comparata
1264 1097 1344 1158 sit,
1380 1094 1591 1144 breviter

132 1191 193 1222 ex
227 1175 509 1244 Thucydide
545 1193 854 1243 exponamuS.
925 1172 1011 1224 Ad
1036 1193 1112 1239 ea,
1150 1194 1272 1242 quae
1296 1193 1458 1223 sumus
1481 1193 1589 1223 nar-

130 1256 307 1318 raturi,
362 1257 430 1305 cf.
468 1258 570 1306 eius
610 1256 734 1306 liber
765 1256 894 1305 vm
928 1273 957 1303 a
990 1257 1145 1322 capite
1181 1255 1292 1304 inde
1327 1254 1406 1303 50
1439 1273 1591 1322 usque

131 1333 193 1383 ad
224 1336 369 1385 finem
400 1337 563 1386 libri.

266 1415 395 1477 Quo
409 1424 625 1482 tempore
646 1413 929 1465 Alcibiades
949 1412 1316 1465 Lacedaemone
1342 1417 1591 1482 profectus

131 1494 183 1543 in
218 1495 570 1563 Tissaphernis
592 1496 788 1547 tutelam
829 1515 881 1548 se
922 1498 1214 1563 recepisset,
1270 1496 1439 1546 eodem
1481 1515 1591 1563 per-

130 1576 354 1639 manebat
388 1577 608 1645 quidem,
661 1584 715 1625 ut
748 1584 888 1626 antea
922 1571 1108 1639 fuerat,
1166 1577 1400 1642 populare
1444 1578 1593 1643 impe-

130 1657 285 1719 rium,
332 1659 399 1706 ita
432 1665 592 1707 tamen
625 1665 678 1707 ut
712 1665 762 1707 et
792 1654 1003 1706 Athenis
1038 1664 1087 1706 et
1121 1656 1288 1720 Sami,
1338 1657 1423 1706 ubi
1457 1676 1592 1707 exer-

132 1737 253 1785 citus
286 1744 388 1786 erat
408 1734 787 1788 *Atheniensium
802 1770 818 1801 ,
874 1737 1035 1804 gravis
1067 1737 1162 1785 iam
1196 1744 1245 1786 et
1278 1737 1595 1787 formidolosa

131 1816 364 1881 quaedam
398 1818 544 1867 factio
580 1825 727 1881 esset,
765 1819 848 1884 qui
880 1819 1157 1883 optimatum
1190 1819 1393 1883 imperio
1429 1818 1593 1867 faven-

130 1901 204 1944 tes
236 1897 487 1962 imperium
520 1897 686 1963 populi
720 1904 936 1947 evertere
971 1904 1217 1962 cuperent.
1297 1898 1432 1949 Inter
1470 1916 1593 1964 quos

130 1992 277 2042 quum
299 1978 398 2040 alii,
434 1983 534 2025 tum
554 1975 801 2026 Pisander‘
813 1976 990 2026 nobilis
1013 1985 1132 2027 erat.
1203 1977 1422 2042 Namque
1443 1992 1592 2045 'quum

131 2055 194 2103 ad
210 2060 487 2108 exercitum
532 2057 659 2105 fama
704 2057 861 2106 delata
906 2067 1063 2122 esset,
1123 2059 1250 2107 serio
1284 2054 1599 2108 Alcibiadem

132 2134 192 2185 de
226 2136 382 2187 reditu
416 2138 630 2205 cogitare
665 2154 895 2205 eumque,
932 2141 974 2188 si
1006 2138 1067 2187 ab
1102 2135 1481 2187 Atheniensibus
1514 2158 1591 2190 re-

130 2224 327 2267 vocatus
373 2225 530 2279 esset,
581 2219 924 2283 Tissaphernis
968 2217 1191 2266 auxilium
1235 2217 1486 2283 polliceri,
1543 2228 1592 2269 et

132 2313 276 2363 quum
298 2314 559 2364 paucorum
579 2298 820 2364 potentiae
837 2297 1023 2360 amicis,
1059 2296 1342 2364 Phrynicho
1364 2300 1587 2365 maxime,

132 2394 316 2426 summo
349 2379 584 2427 exercitus
610 2378 751 2440 duce,
784 2378 961 2425 frustra
984 2376 1263 2427 adversante
1285 2386 1428 2444 atque
1453 2380 1589 2429 dicti-

133 2464 262 2508 tante
277 2492 293 2523 ,
351 2455 598 2507 Alcibiadi
631 2475 787 2524 neque
821 2474 1083 2524 paucorum
1116 2476 1271 2525 neque
1306 2459 1472 2525 populi
1504 2462 1591 2522 im-

131 2541 318 2604 perium
349 2557 489 2588 curae
519 2556 645 2602 esse,
683 2546 824 2605 atque
849 2551 1148 2602 summopere
1174 2538 1435 2588 cavendum
1462 2559 1591 2606 esse,

132 2638 194 2669 ne
231 2621 277 2669 ei
309 2620 429 2670 fides
462 2619 718 2669 haberetur
752 2618 812 2668 de
835 2616 1096 2667 Persarum
1129 2619 1304 2670 auxilio
1341 2627 1484 2688 atque
1512 2641 1591 2673 so-

135 2700 305 2749 cietate
341 2702 620 2762 somnianti,
657 2699 962 2748 nihilominus
997 2699 1301 2765 contigisset,
1337 2707 1392 2749 ut
1422 2705 1595 2753 maiori

90 2830 97 2840 ,
134 2782 267 2846 parti.
294 2783 530 2831 exercitus
564 2778 931 2847 persuaderetur
946 2814 962 2843 ,
1017 2779 1205 2829 unicam
1251 2779 1416 2832 salutis
1457 2801 1594 2852 spem
