1816 3182
756 168 866 211 cu.
895 169 944 210 ιι
1518 167 1602 220 3¹7·

32 305 34 307 ’
123 287 340 339 exhibet.
385 269 556 352 „Erat
583 286 712 337 enim
744 284 937 349 eodem,
973 282 1071 354 φο
1099 282 1385 335 Alcibiades
1418 302 1582 348 sensu,

119 369 284 436 populi
327 366 569 435 potentiae
608 385 708 418 non
748 369 929 417 amiens
962 376 1013 417 et
1036 364 1325 433 opthnatum
1356 368 1535 416 fautor.
1536 370 1582 402 ⁴⁴

120 450 452 523 Thucydides,
477 456 634 498 autem
669 451 737 498 in
772 467 830 499 ea
874 446 1090 498 oratioue
1105 483 1122 512 ,
1183 466 1345 515 qnam
1362 467 1392 498 a
1423 448 1583 516 Phry·

121 530 264 580 nicho
307 544 470 580 coram
514 530 728 592 exercitu
759 525 1142 579 Atheniensium
1171 527 1382 582 habitam
1404 528 1581 597 fingit,

119 611 247 661 hunc
293 611 469 660 ducem·
505 613 572 659 ita
609 611 729 659 facit
772 610 833 659 de
866 607 1124 658 Alcibiade
1166 608 1475 677 loifnentem,
1517 618 1585 660 :nt

56 726 59 729 -
120 699 276 758 neque
309 693 587 758 optimatum
619 707 777 758 neque
809 689 990 757 populi
1009 690 1214 755 imperio
1228 719 1234 736 1
1248 690 1412 740 favere
1440 687 1582 740 Aloi-

119 771 338 835 biad'em,
366 773 473 822 *sed
507 769 1254 841 qnaecunquefladministrandne
1286 770 1609 838 reipublicae

120 851 276 900 forma
302 853 535 918 placuerit
566 853 766 921 perinde
781 854 849 919 >ei.
868 851 978 902 esse
1006 851 1245 915 ostendat,
1263 857 1266 860 '
1281 869 1340 901 ac
1374 851 1583 918 deniqne

119 931 182 983 de
214 951 302 983 suo
340 934 528 998 adiicit,
587 935 833 984 verissime
874 934 946 981 sie
979 930 1318 999 Phrynichun
1347 931 1410 984 dc
1434 924 1580 982 'Alei-
1679 922 1682 926 ⁴

117 1013 259 1064 biade
285 1016 525 1065 statuisse.
581 1014 666 1066 cf.
690 1014 854 1064 Thuc.
874 1012 1022 1076 vm,
1040 1011 1138 1061 48.
1174 1011 1404 1079 Negle‘xit
1424 1019 1581 1060 autem

119 1095 453 1190 Thucydidem
485 1098 549 1145 inv
569 1096 671 1146 hac'
693 1097 791 1145 vita
810 1095 1057 1144 fortunis·
1077 1091 1209 1157 ideo,
1245 1091 1377 1161 quod
1393 1092 1471 1141 'is'
1482 1106 1581 1141 non

118 1193 214 1225 uno
246 1178 298 1225 in
330 1176 439 1227 loco
473 1176 544 1226 ad
567 1175 950 1227 describendum
979 1181 1079 1225 aut
1105 1182 1238 1225 certe
1282 1171 1581 1240 'sequendum

121 1257 371 1306 commodo
384 1290 401 1320 ,
440 1257 548 1308 sed
579 1258 790 1308 multis
775 1276 826 1307 ιιι
858 1257 980 1307 locis
1015 1256 1194 1323 passim
1204 1252 1290 1305 de
1321 1250 1581 1354 Alcibiade

118 1336 357 1387 disseruit.

252 1418 414 1479 Quum
457 1419 605 1485 igitur
650 1436 678 1468 e
723 1416 1036 1486 Thucydide
1061 1417 1262 1483 exiguus
1314 1422 1395 1464 aut
1436 1414 1580 1480 plane

118 1494 276 1546 nullus
310 1497 372 1547 ad
403 1497 530 1547 hanc
564 1498 756 1565 quidem
788 1499 969 1564 Nepoti
1000 1498 1147 1546 vitam
1187 1497 1373 1546 finctus
1387 1493 1579 1544 redum

120 1574 304 1627 daverit
317 1610 333 1641 ,
380 1579 585 1643 primum
617 1577 745 1627 un'de
779 1576 863 1626 illa
895 1566 1219 1640 manaverint,
1269 1579 1392 1644 quae
1424 1576 1581 1625 tribus

117 1657 228 1707 illis
263 1658 498 1736 capitibus
547 1660 902 1722 contineantur,
969 1652 1360 1709 exminabimus'.
1436 1655 1580 1723 Ipsis

118 1743 275 1787 autem
307 1737 469 1787 verbis
512 1755 620 1804 cap.
657 1738 764 1788 ΧΙ.
826 1755 1075 1807 „namque
1120 1756 1207 1802 ea,
1266 1749 1391 1806 qnae
1434 1754 1580 1803 supra

118 1815 348 1881 diximus,
396 1817 457 1866 de
492 1835 552 1866 eo
585 1818 994 1882 praedicarunt,“
1043 1806 1298 1885 primarios
1330 1819 1423 1868 hos
1457 1818 1579 1867 duos

117 1899 376 1964 scriptores
390 1931 406 1961 ,
461 1896 831 1964 Theopompum
876 1905 925 1949 et
969 1891 1250 1963 Timaeum,
1306 1904 1357 1947 et
1395 1904 1577 1947 tantum

116 1991 214 2026 non
242 1979 411 2026 unicos
438 1979 491 2024 in
516 1976 609 2026 hac
637 1979 734 2026 vita
766 1978 913 2028 duces
943 1980 1104 2028 fuisse
1121 1978 1435 2046 significatur.
1475 1977 1579 2026 Sed

116 2057 157 2108 e'
179 2057 499 2125 Theopompo
532 2057 615 2107 illa
649 2059 822 2125 capita
846 2048 1042 2110 fluxisse
1086 2064 1356 2127 nequeunt,
1411 2064 1578 2124 utpote

116 2139 201 2207 qui
232 2139 413 2204 pariter
445 2146 587 2207 atque
611 2139 890 2206 Xenophon
922 2158 1006 2190 res
1033 2139 1296 2189 narrandas
1328 2139 1398 2187 ibi
1416 2138 1577 2189 denuo

116 2217 352 2284 excipiat,
387 2219 473 2267 ubi
506 2219 818 2286 Thucydides
850 2237 933 2269 eas
963 2221 1149 2283 finivit,
1182 2209 1268 2269 01.
1290 2219 1479 2283 XCII,
1516 2219 1573 2268 2.

115 2297 218 2350 Gt'.¹
237 2296 390 2350 Diod.
422 2298 528 2349 δίο.
552 2294 703 2363 XIII,
727 2297 822 2349 42.
896 2288 1044 2362 Quod
1077 2300 1121 2349 si
1152 2291 1382 2349 alteruter
1412 2299 1579 2351 eornm

115 2381 401 2446 scriptorum
415 2413 431 2443 ,
468 2378 590 2447 quos
622 2386 816 2446 praeter
843 2379 1181 2449 Thucydidem
1215 2383 1574 2446 commemorat,

115 2468 287 2511 auctor
328 2460 575 2511 habendus
617 2467 717 2523 cst,
775 2460 908 2511 solus
950 2462 1165 2530 reliquus
1205 2469 1280 2512 est
1325 2463 1573 2525 Timaeus,

116 2543 195 2591 cui
227 2542 375 2592 multa
408 2556 470 2593 ex
505 2541 663 2592 tribus
699 2541 795 2590 illis
836 2542 1070 2609 capitibus
1103 2541 1278 2591 ‘deberi
1320 2541 1576 2591 admodum

115 2622 367 2688 probabile
400 2629 492 2673 cst.
536 2623 616 2672 ·Is
648 2625 776 2673 enim
802 2642 948 2692 quum
982 2642 1062 2674 res
1093 2622 1283 2674 Siculas
1316 2623 1575 2681 memoriae

115 2702 374 2771 proderet,
439 2705 490 2752 in
533 2720 630 2770 quo
674 2703 799 2753 libro
826 2705 1001 2771 ,ipsum
1047 2702 1381 2771 Thucydidem
1432 2701 1574 2769 atque

112 2782 371 2835 Philistum
403 2803 435 2834 a
468 2803 520 2835 se
554 2791 818 2853 superatos
839 2798 948 2836 esse
969 2774 1215 2855 ¹gloriatus
1247 2790 1347 2845 est,
1385 2784 1435 2835 si
1466 2782 1575 2852 quis
