1816 3182
164 137 239 187 26
733 137 882 180 mns-
901 138 1076 179 emon.

165 259 345 315 testas,
379 266 452 301 'ea
487 253 630 301 etiam
664 253 715 301 in
733 255 1034 319 *composito
1052 263 1298 318 remanet,
1349 258 1423 305 ita
1456 264 1509 303 ut
1542 254 1639 303 hoe

167 351 361 399 quoque
409 349 599 397 semper
643 332 705 381 ad
750 334 956 401 aliquam
1001 335 1160 402 legem
1204 337 1459 386 referatur.
1536 335 1640 385 Eat

167 416 341 480 igitur.
409 432 504 461 una
547 420 781 475 statuere,
842 415 970 463 idem
1016 433 1123 464 cum
1167 416 1370 483 collegis
1415 433 1643 476 censere,

168 501 326 542 ratum
362 493 563 542 habere.
641 494 723 543 De
759 494 1000 544 historicis
1033 497 1209 562 igitur,
1260 500 1343 563 qui
1376 499 1428 546 iu
1460 515 1515 546 re
1544 495 1637 544 ali-

170 592 267 639 qua
313 573 551 621 narranda
597 575 723 623 inter
762 594 816 624 se
859 595 964 626 non
1011 577 1312 642 discrepent,
1372 591 1561 626 vereor
1586 582 1641 624 nt

169 653 265 702 hoc
293 673 342 701 v.
368 655 523 718 possit
550 655 789 718 usurpari.
861 656 994 717 Quid
1029 665 1186 706 autem
1212 657 1443 727 codices?
1474 658 1640 705 Prae-

169 741 245 783 ter
278 753 327 782 v.
369 737 674 784 conscierunt
716 733 798 784 alii
839 736 1068 784 exhibent
1108 745 1409 786 consuerunt.
1496 736 1640 785 Unde

169 814 414 876 nonnulli,
464 823 516 863 ut
552 816 683 863 Titz.
701 848 716 875 ‚
768 823 1082 865 correxerunt
1116 826 1464 866 consenserunt.
1539 815 1643 866 Sed

170 895 376 942 fortasse
423 893 545 942 duae
603 882 824 943 codicum
872 894 1132 952 lectiones·
1163 897 1230 944 ita
1282 884 1642 963 coniungendae

171 981 311 1034 sunt,
360 981 413 1021 ut
446 976 499 1022 in
531 993 678 1022 unum
714 993 762 1022 vs
803 978 1143 1024 concinnerunt
1177 976 1473 1037 coalescant,
1512 975 1643 1042 quod

173 1055 404 1120 frequens
432 1061 507 1103 est
534 1055 586 1104 in
615 1054 707 1102 hac
731 1055 1062 1105 consentiendi
1089 1062 1342 1119 potestate.
1417 1055 1501 1105 Cf:
1529 1055 1640 1105 Cic.

170 1135 286 1183 Nat.
325 1135 396 1182 Ι).
434 1135 479 1195 1,
519 1134 578 1197 '73
627 1135 706 1195 Π,
746 1134 797 1181 7.
854 1135 990 1182 Plin.
1028 1135 1162 1182 Hist.
1202 1135 1268 1183 N.
1305 1135 1410 1197 ΠΙ,
1449 1134 1480 1183 1
1517 1143 1641 1185 extr.

171 1214 310 1262 Finis
352 1214 542 1280 periodi
584 1213 846 1281 dactylicus
891 1232 953 1263 ne
998 1221 1046 1263 te
1091 1221 1384 1280 perterreat,
1437 1234 1583 1282 quum
1617 1233 1647 1264 a
1709 1196 1717 1213 x

171 1295 347 1343 talibus
383 1294 662 1343 criminibus
698 1311 796 1341 non
820 1296 936 1343 satis
965 1295 1058 1343 sibi
1087 1313 1256 1345 cavere
1281 1296 1435 1345 soleat
1454 1297 1641 1362 Nepos·

173 1374 258 1424 Cf.
293 1375 473 1424 Them.
513 1375 558 1437 I,
596 1372 654 1423 4.
706 1373 884 1423 Conon
916 1376 1015 1437 III,
1054 1373 1105 1424 1.

131 1517 133 1519 ¹
312 1474 471 1504 omnes
499 1454 817 1504 Athenienses
834 1483 903 1494 —-
922 1473 1168 1521 superasse
1198 1457 1344 1520 vitae]
1416 1455 1644 1505 Lambin.

149 1545 253 1582 Ἣ.
291 1553 451 1583 omnes
484 1535 799 1583 Athenienses
842 1534 1047 1583 delenda
1094 1553 1200 1583 esse
1247 1543 1411 1585 censet
1456 1542 1504 1584 et
1537 1534 1647 1583 reli—

175 1632 271 1681 qua
306 1634 387 1663 vv.
420 1615 517 1663 hoc
552 1613 697 1662 modo
732 1617 1027 1679 transponit:
1097 1633 1240 1682 quum
1272 1614 1476 1664 Athenis
1509 1623 1648 1663 natus

176 1702 313 1756 esset,
347 1695 775 1760 splendidissimam
809 1697 1043 1744 civitatem
1077 1696 1329 1761 splendore
1362 1713 1418 1743 ac
1448 1696 1498 1746 d.
1531 1701 1644 1743 cett.

179 1776 286 1825 Sed
314 1777 408 1824 hoc
438 1783 512 1824 est
543 1776 635 1836 sui,
669 1793 769 1823 nou
800 1778 1049 1841 scriptoris
1082 1777 1345 1825 studiosum
1370 1794 1505 1838 esse3
1546 1793 1650 1822 cor-

175 1858 339 1924 rigere
372 1858 662 1921 scriptorem
696 1862 924 1923 tanquam
958 1859 1204 1923 specimen
1238 1875 1268 1905 a
1301 1854 1535 1920 discipulo
1570 1873 1650 1903 ex-

177 1938 402 2000 hibitum,
440 1956 541 1985 non
568 1937 841 1985 emendare.
898 1939 958 1985 In
995 1938 1073 1986 ed.
1112 1939 1268 2001 princ.
1307 1937 1470 1984 Paris.
1504 1934 1554 1984 1.
1593 1934 1648 1982 2.

178 2017 322 2084 Mag.
354 2024 558 2083 utraque
592 2034 689 2064 vox
724 2018 901 2066 omissa
936 2025 1028 2080 est,
1067 2019 1281 2085 priorem-
1309 2022 1468 2077 tamen
1502 2014 1655 2064 solam

179 2097 363 2147 habent
398 2097 543 2147 codd.
582 2098 715 2145 Dan.
754 2097 928 2146 Boecl.
965 2097 1110 2146 Leid.
1139 2097 1289 2146 Voss.
1318 2093 1387 2144 A.
1421 2092 1522 2144 Ax.
1551 2094 1650 2144 Gru.

182 2177 262 2226 ed.
301 2172 442 2226 Ultr.>
517 2175 686 2244 Atque
733 2178 971 2227 inculcata
1016 2195 1122 2227 esse
1160 2183 1321 2244 potest
1354 2178 1594 2243 posterior
1628 2194 1658 2225 a

163 2258 383 2306 ‘librario
398 2292 414 2320 9
485 2260 563 2307 cui
596 2276 712 2307 mox
746 2261 995 2324 sequentia
1028 2278 1108 2307 vv.
1148 2276 1306 2307 omnes
1336 2251 1657 2306 Lacedaemo-

183 2340 289 2386 nios
322 2340 533 2387 vinceret
576 2345 625 2388 et
672 2356 833 2387 omnes
866 2340 990 2387 enim
1023 2338 1219 2387 Boeotii
1250 2336 1314 2387 ob
1350 2336 1517 2386 oculos
1549 2348 1658 2385 ver·

185 2427 424 2469 sarentur.
501 2418 606 2468 Sed
640 2419 873 2485 quidquid
910 2426 1001 2481 est,
1040 2419 1350 2485 gravissimae
1385 2424 1496 2466 sunt
1529 2417 1659 2466 codi-

187 2517 308 2549 cum.
328 2501 666 2563 auctoritateS‚
703 2499 989 2566 quibuscum
1021 2515 1238 2566 pugnare
1258 2496 1548 2559 nonlicet,
1584 2515 1660 2547 re-

186 2581 530 2648 tinendumque
557 2581 694 2646 prius
715 2597 765 2626 v.
792 2597 969 2629 omnes.
1026 2580 1334 2643 Quamquam
1362 2577 1481 2625 illud
1509 2578 1661 2629 Bosin

153 2658 155 2660 ’
187 2679 288 2713 ιιοιι
307 2661 509 2732 largiar,
545 2680 645 2713 uon
662 2659 827 2712 u’dere
853 2678 909 2711 se
940 2660 1207 2722 confitenti,
1239 2657 1501 2727 quomodo,
1521 2654 1662 2709 'uh-o-
