<?xml version="1.0" encoding="UTF-8"?>
<!DOCTYPE html PUBLIC "-//W3C//DTD XHTML 1.0 Transitional//EN"
    "http://www.w3.org/TR/xhtml1/DTD/xhtml1-transitional.dtd">
<html xmlns="http://www.w3.org/1999/xhtml" xml:lang="en" lang="en">
 <head>
  <title>
</title>
<meta http-equiv="Content-Type" content="text/html;charset=utf-8" />
  <meta name='ocr-system' content='tesseract 3.04.00' />
  <meta name='ocr-capabilities' content='ocr_page ocr_carea ocr_par ocr_line ocrx_word'/>
</head>
<body>
  <div class='ocr_page' id='page_1' title='image "4738018_0115.png"; bbox 0 0 1816 3182; ppageno 0'>
   <div class='ocr_carea' id='block_1_1' title="bbox 752 185 1589 242">
    <p class='ocr_par' dir='ltr' id='par_1_1' title="bbox 752 185 1589 242">
     <span class='ocr_line' id='line_1_1' title="bbox 752 185 1589 242; baseline -0.011 -13"><span class='ocrx_word' id='word_1_1' title='bbox 752 186 863 229; x_wconf 61' lang='lat' dir='ltr'><strong>cir.</strong></span> <span class='ocrx_word' id='word_1_2' title='bbox 890 185 964 242; x_wconf 57' lang='lat' dir='ltr'><strong>xi,</strong></span> <span class='ocrx_word' id='word_1_3' title='bbox 1513 185 1589 239; x_wconf 75' lang='lat'><strong>99</strong></span> 
     </span>
    </p>
   </div>
   <div class='ocr_carea' id='block_1_2' title="bbox 65 302 1642 2846">
    <p class='ocr_par' dir='ltr' id='par_1_2' title="bbox 129 302 1583 532">
     <span class='ocr_line' id='line_1_2' title="bbox 129 302 1583 372; baseline -0.003 -13"><span class='ocrx_word' id='word_1_4' title='bbox 129 309 348 370; x_wconf 76' lang='lat' dir='ltr'><strong>instituit,</strong></span> <span class='ocrx_word' id='word_1_5' title='bbox 384 304 472 357; x_wconf 87' lang='lat' dir='ltr'><strong>sed</strong></span> <span class='ocrx_word' id='word_1_6' title='bbox 499 306 551 354; x_wconf 92' lang='lat' dir='ltr'><strong>in</strong></span> <span class='ocrx_word' id='word_1_7' title='bbox 578 306 655 353; x_wconf 81' lang='lat' dir='ltr'><strong>via</strong></span> <span class='ocrx_word' id='word_1_8' title='bbox 687 305 790 372; x_wconf 87' lang='lat' dir='ltr'><strong>ipsa</strong></span> <span class='ocrx_word' id='word_1_9' title='bbox 820 321 851 353; x_wconf 89' lang='lat' dir='ltr'><strong>a</strong></span> <span class='ocrx_word' id='word_1_10' title='bbox 880 302 1225 367; x_wconf 72' lang='lat' dir='ltr'><strong>Pharnabazo,</strong></span> <span class='ocrx_word' id='word_1_11' title='bbox 1264 310 1454 355; x_wconf 77' lang='lat' dir='ltr'><strong>verente</strong></span> <span class='ocrx_word' id='word_1_12' title='bbox 1468 337 1485 367; x_wconf 93' lang='lat'><strong>,</strong></span> <span class='ocrx_word' id='word_1_13' title='bbox 1515 322 1583 354; x_wconf 80' lang='lat' dir='ltr'><strong>·ne</strong></span> 
     </span>
     <span class='ocr_line' id='line_1_3' title="bbox 129 379 1580 452; baseline -0.006 -13"><span class='ocrx_word' id='word_1_14' title='bbox 129 408 246 441; x_wconf 81' lang='lat' dir='ltr'><strong>vero</strong></span> <span class='ocrx_word' id='word_1_15' title='bbox 290 389 352 439; x_wconf 88' lang='lat' dir='ltr'><strong>de</strong></span> <span class='ocrx_word' id='word_1_16' title='bbox 410 387 487 437; x_wconf 83' lang='lat' dir='ltr'><strong>his</strong></span> <span class='ocrx_word' id='word_1_17' title='bbox 541 403 629 435; x_wconf 83' lang='lat' dir='ltr'><strong>rex</strong></span> <span class='ocrx_word' id='word_1_18' title='bbox 680 379 841 452; x_wconf 53' lang='lat' dir='ltr'><strong>audito</strong></span> <span class='ocrx_word' id='word_1_19' title='bbox 887 384 1096 452; x_wconf 77' lang='lat' dir='ltr'><strong>graviter</strong></span> <span class='ocrx_word' id='word_1_20' title='bbox 1141 382 1234 433; x_wconf 89' lang='lat' dir='ltr'><strong>sihi</strong></span> <span class='ocrx_word' id='word_1_21' title='bbox 1277 385 1580 446; x_wconf 79' lang='lat' dir='ltr'><strong>irasceretur,</strong></span> 
     </span>
     <span class='ocr_line' id='line_1_4' title="bbox 129 461 1578 532; baseline -0.006 -12"><span class='ocrx_word' id='word_1_22' title='bbox 129 471 408 520; x_wconf 80' lang='lat' dir='ltr'><strong>interfectus</strong></span> <span class='ocrx_word' id='word_1_23' title='bbox 430 473 522 516; x_wconf 87' lang='lat' dir='ltr'><strong>est.</strong></span> <span class='ocrx_word' id='word_1_24' title='bbox 560 465 645 515; x_wconf 83' lang='lat' dir='ltr'><strong>Cf.</strong></span> <span class='ocrx_word' id='word_1_25' title='bbox 669 464 851 513; x_wconf 89' lang='lat' dir='ltr'><strong>Baehr.</strong></span> <span class='ocrx_word' id='word_1_26' title='bbox 878 463 941 513; x_wconf 89' lang='lat' dir='ltr'><strong>ad</strong></span> <span class='ocrx_word' id='word_1_27' title='bbox 961 463 1213 519; x_wconf 78' lang='lat' dir='ltr'><strong>Plutarch.</strong></span> <span class='ocrx_word' id='word_1_28' title='bbox 1237 461 1354 512; x_wconf 80' lang='lat' dir='ltr'><strong>Ale.</strong></span> <span class='ocrx_word' id='word_1_29' title='bbox 1377 481 1430 528; x_wconf 89' lang='lat' dir='ltr'><strong>p.</strong></span> <span class='ocrx_word' id='word_1_30' title='bbox 1445 462 1578 532; x_wconf 72' lang='lat'><strong>260.</strong></span> 
     </span>
    </p>

    <p class='ocr_par' dir='ltr' id='par_1_3' title="bbox 123 537 1585 2267">
     <span class='ocr_line' id='line_1_5' title="bbox 264 537 1584 609; baseline -0.004 -13"><span class='ocrx_word' id='word_1_31' title='bbox 264 548 404 608; x_wconf 80' lang='lat' dir='ltr'><strong>Quae</strong></span> <span class='ocrx_word' id='word_1_32' title='bbox 437 546 518 595; x_wconf 90' lang='lat' dir='ltr'><strong>hic</strong></span> <span class='ocrx_word' id='word_1_33' title='bbox 550 545 779 609; x_wconf 87' lang='lat' dir='ltr'><strong>Ephorus</strong></span> <span class='ocrx_word' id='word_1_34' title='bbox 812 537 982 604; x_wconf 81' lang='lat' dir='ltr'><strong>tradit,</strong></span> <span class='ocrx_word' id='word_1_35' title='bbox 1022 561 1163 609; x_wconf 87' lang='lat' dir='ltr'><strong>quam</strong></span> <span class='ocrx_word' id='word_1_36' title='bbox 1195 543 1375 592; x_wconf 85' lang='lat' dir='ltr'><strong>insulsa</strong></span> <span class='ocrx_word' id='word_1_37' title='bbox 1407 545 1502 591; x_wconf 90' lang='lat' dir='ltr'><strong>sint</strong></span> <span class='ocrx_word' id='word_1_38' title='bbox 1535 551 1584 591; x_wconf 93' lang='lat' dir='ltr'><strong>et</strong></span> 
     </span>
     <span class='ocr_line' id='line_1_6' title="bbox 126 622 1582 689; baseline -0.005 -12"><span class='ocrx_word' id='word_1_39' title='bbox 126 626 451 689; x_wconf 75' lang='lat' dir='ltr'><strong>incredibilia,</strong></span> <span class='ocrx_word' id='word_1_40' title='bbox 506 624 656 673; x_wconf 89' lang='lat' dir='ltr'><strong>miror</strong></span> <span class='ocrx_word' id='word_1_41' title='bbox 696 622 1043 673; x_wconf 89' lang='lat' dir='ltr'><strong>neminemdum</strong></span> <span class='ocrx_word' id='word_1_42' title='bbox 1077 624 1286 673; x_wconf 80' lang='lat' dir='ltr'><strong>virorum</strong></span> <span class='ocrx_word' id='word_1_43' title='bbox 1332 622 1582 672; x_wconf 91' lang='lat' dir='ltr'><strong>doctorum</strong></span> 
     </span>
     <span class='ocr_line' id='line_1_7' title="bbox 125 703 1580 771; baseline -0.005 -15"><span class='ocrx_word' id='word_1_44' title='bbox 125 707 320 756; x_wconf 80' lang='lat' dir='ltr'><strong>vidisse.</strong></span> <span class='ocrx_word' id='word_1_45' title='bbox 393 706 495 756; x_wconf 89' lang='lat' dir='ltr'><strong>Cur</strong></span> <span class='ocrx_word' id='word_1_46' title='bbox 528 706 683 766; x_wconf 90' lang='lat' dir='ltr'><strong>enim,</strong></span> <span class='ocrx_word' id='word_1_47' title='bbox 731 703 991 771; x_wconf 84' lang='lat' dir='ltr'><strong>secundum</strong></span> <span class='ocrx_word' id='word_1_48' title='bbox 1037 704 1286 768; x_wconf 85' lang='lat' dir='ltr'><strong>Ephorum</strong></span> <span class='ocrx_word' id='word_1_49' title='bbox 1301 736 1318 765; x_wconf 92' lang='lat'><strong>,</strong></span> <span class='ocrx_word' id='word_1_50' title='bbox 1362 703 1580 752; x_wconf 89' lang='lat' dir='ltr'><strong>Pharna-</strong></span> 
     </span>
     <span class='ocr_line' id='line_1_8' title="bbox 125 782 1576 851; baseline -0.005 -14"><span class='ocrx_word' id='word_1_51' title='bbox 125 786 272 837; x_wconf 81' lang='lat' dir='ltr'><strong>bazus</strong></span> <span class='ocrx_word' id='word_1_52' title='bbox 303 782 606 836; x_wconf 78' lang='lat' dir='ltr'><strong>Alcibiadem</strong></span> <span class='ocrx_word' id='word_1_53' title='bbox 647 783 917 834; x_wconf 76' lang='lat' dir='ltr'><strong>interfecit?</strong></span> <span class='ocrx_word' id='word_1_54' title='bbox 970 782 1117 846; x_wconf 82' lang='lat' dir='ltr'><strong>Quod</strong></span> <span class='ocrx_word' id='word_1_55' title='bbox 1159 800 1325 851; x_wconf 79' lang='lat' dir='ltr'><strong>reg-em</strong></span> <span class='ocrx_word' id='word_1_56' title='bbox 1369 784 1576 832; x_wconf 89' lang='lat' dir='ltr'><strong>timeret.</strong></span> 
     </span>
     <span class='ocr_line' id='line_1_9' title="bbox 126 861 1579 928; baseline -0.002 -15"><span class='ocrx_word' id='word_1_57' title='bbox 126 867 285 927; x_wconf 82' lang='lat' dir='ltr'><strong>Quem</strong></span> <span class='ocrx_word' id='word_1_58' title='bbox 326 883 411 913; x_wconf 87' lang='lat' dir='ltr'><strong>cur</strong></span> <span class='ocrx_word' id='word_1_59' title='bbox 454 864 638 912; x_wconf 74' lang='lat' dir='ltr'><strong>timuit?</strong></span> <span class='ocrx_word' id='word_1_60' title='bbox 704 861 787 910; x_wconf 92' lang='lat' dir='ltr'><strong>An</strong></span> <span class='ocrx_word' id='word_1_61' title='bbox 801 896 818 924; x_wconf 88' lang='lat'><strong>,</strong></span> <span class='ocrx_word' id='word_1_62' title='bbox 868 863 998 928; x_wconf 81' lang='lat' dir='ltr'><strong>quod</strong></span> <span class='ocrx_word' id='word_1_63' title='bbox 1036 864 1146 915; x_wconf 61' lang='lat' dir='ltr'><strong>,fieri</strong></span> <span class='ocrx_word' id='word_1_64' title='bbox 1189 871 1353 928; x_wconf 88' lang='lat' dir='ltr'><strong>posset</strong></span> <span class='ocrx_word' id='word_1_65' title='bbox 1396 871 1450 912; x_wconf 87' lang='lat' dir='ltr'><strong>ut</strong></span> <span class='ocrx_word' id='word_1_66' title='bbox 1492 882 1579 911; x_wconf 87' lang='lat' dir='ltr'><strong>rex</strong></span> 
     </span>
     <span class='ocr_line' id='line_1_10' title="bbox 125 940 1578 1007; baseline -0.002 -14"><span class='ocrx_word' id='word_1_67' title='bbox 125 944 338 1007; x_wconf 86' lang='lat' dir='ltr'><strong>audiret,</strong></span> <span class='ocrx_word' id='word_1_68' title='bbox 393 940 697 992; x_wconf 77' lang='lat' dir='ltr'><strong>Alcibiadem</strong></span> <span class='ocrx_word' id='word_1_69' title='bbox 742 960 844 991; x_wconf 92' lang='lat' dir='ltr'><strong>rem</strong></span> <span class='ocrx_word' id='word_1_70' title='bbox 891 943 1023 1006; x_wconf 90' lang='lat' dir='ltr'><strong>prius</strong></span> <span class='ocrx_word' id='word_1_71' title='bbox 1067 945 1262 992; x_wconf 89' lang='lat' dir='ltr'><strong>scivisse</strong></span> <span class='ocrx_word' id='word_1_72' title='bbox 1277 977 1294 1006; x_wconf 91' lang='lat'><strong>,</strong></span> <span class='ocrx_word' id='word_1_73' title='bbox 1359 942 1578 991; x_wconf 84' lang='lat' dir='ltr'><strong>Pharna·</strong></span> 
     </span>
     <span class='ocr_line' id='line_1_11' title="bbox 124 1018 1577 1086; baseline -0.001 -15"><span class='ocrx_word' id='word_1_74' title='bbox 124 1023 294 1071; x_wconf 84' lang='lat' dir='ltr'><strong>bazum</strong></span> <span class='ocrx_word' id='word_1_75' title='bbox 328 1018 516 1070; x_wconf 86' lang='lat' dir='ltr'><strong>demum</strong></span> <span class='ocrx_word' id='word_1_76' title='bbox 553 1022 615 1069; x_wconf 89' lang='lat' dir='ltr'><strong>ab</strong></span> <span class='ocrx_word' id='word_1_77' title='bbox 648 1019 903 1068; x_wconf 82' lang='lat' dir='ltr'><strong>Alcibiade</strong></span> <span class='ocrx_word' id='word_1_78' title='bbox 938 1024 1210 1086; x_wconf 79' lang='lat' dir='ltr'><strong>accepisse?</strong></span> <span class='ocrx_word' id='word_1_79' title='bbox 1279 1021 1383 1070; x_wconf 86' lang='lat' dir='ltr'><strong>Sed</strong></span> <span class='ocrx_word' id='word_1_80' title='bbox 1415 1023 1577 1070; x_wconf 89' lang='lat' dir='ltr'><strong>nescio</strong></span> 
     </span>
     <span class='ocr_line' id='line_1_12' title="bbox 125 1100 1578 1169; baseline -0.001 -18"><span class='ocrx_word' id='word_1_81' title='bbox 125 1121 186 1162; x_wconf 79' lang='lat' dir='ltr'><strong>an</strong></span> <span class='ocrx_word' id='word_1_82' title='bbox 220 1121 318 1152; x_wconf 89' lang='lat' dir='ltr'><strong>non</strong></span> <span class='ocrx_word' id='word_1_83' title='bbox 351 1105 504 1169; x_wconf 79' lang='lat' dir='ltr'><strong>magis</strong></span> <span class='ocrx_word' id='word_1_84' title='bbox 538 1100 737 1149; x_wconf 89' lang='lat' dir='ltr'><strong>ridicula</strong></span> <span class='ocrx_word' id='word_1_85' title='bbox 773 1117 913 1149; x_wconf 88' lang='lat' dir='ltr'><strong>causa</strong></span> <span class='ocrx_word' id='word_1_86' title='bbox 952 1103 1118 1166; x_wconf 83' lang='lat' dir='ltr'><strong>possit</strong></span> <span class='ocrx_word' id='word_1_87' title='bbox 1137 1103 1427 1167; x_wconf 75' lang='lat' dir='ltr'><strong>excogitari,</strong></span> <span class='ocrx_word' id='word_1_88' title='bbox 1492 1120 1578 1150; x_wconf 90' lang='lat' dir='ltr'><strong>cur</strong></span> 
     </span>
     <span class='ocr_line' id='line_1_13' title="bbox 128 1180 1575 1246; baseline -0.001 -15"><span class='ocrx_word' id='word_1_89' title='bbox 128 1181 405 1246; x_wconf 77' lang='lat' dir='ltr'><strong>Alcibiades</strong></span> <span class='ocrx_word' id='word_1_90' title='bbox 438 1183 624 1230; x_wconf 89' lang='lat' dir='ltr'><strong>occisus</strong></span> <span class='ocrx_word' id='word_1_91' title='bbox 667 1182 746 1230; x_wconf 83' lang='lat' dir='ltr'><strong>sit.</strong></span> <span class='ocrx_word' id='word_1_92' title='bbox 778 1208 787 1213; x_wconf 66' lang='lat'><em>,</em></span> <span class='ocrx_word' id='word_1_93' title='bbox 828 1180 954 1237; x_wconf 81' lang='lat' dir='ltr'><strong>Nam</strong></span> <span class='ocrx_word' id='word_1_94' title='bbox 1000 1182 1183 1229; x_wconf 87' lang='lat' dir='ltr'><strong>etiamsi</strong></span> <span class='ocrx_word' id='word_1_95' title='bbox 1224 1180 1275 1228; x_wconf 92' lang='lat' dir='ltr'><strong>id</strong></span> <span class='ocrx_word' id='word_1_96' title='bbox 1319 1200 1406 1230; x_wconf 83' lang='lat' dir='ltr'><strong>rex</strong></span> <span class='ocrx_word' id='word_1_97' title='bbox 1447 1200 1575 1230; x_wconf 89' lang='lat' dir='ltr'><strong>com·</strong></span> 
     </span>
     <span class='ocr_line' id='line_1_14' title="bbox 127 1260 1576 1327; baseline -0.001 -18"><span class='ocrx_word' id='word_1_98' title='bbox 127 1264 347 1327; x_wconf 87' lang='lat' dir='ltr'><strong>perisset,</strong></span> <span class='ocrx_word' id='word_1_99' title='bbox 385 1260 500 1326; x_wconf 88' lang='lat' dir='ltr'><strong>quid</strong></span> <span class='ocrx_word' id='word_1_100' title='bbox 526 1262 656 1308; x_wconf 68' lang='lat' dir='ltr'><strong>tum?</strong></span> <span class='ocrx_word' id='word_1_101' title='bbox 689 1261 882 1307; x_wconf 87' lang='lat' dir='ltr'><strong>Primus</strong></span> <span class='ocrx_word' id='word_1_102' title='bbox 913 1267 1072 1308; x_wconf 90' lang='lat' dir='ltr'><strong>tamen</strong></span> <span class='ocrx_word' id='word_1_103' title='bbox 1099 1263 1389 1310; x_wconf 82' lang='lat' dir='ltr'><strong>renuntiarat</strong></span> <span class='ocrx_word' id='word_1_104' title='bbox 1420 1261 1576 1309; x_wconf 87' lang='lat' dir='ltr'><strong>Phar-</strong></span> 
     </span>
     <span class='ocr_line' id='line_1_15' title="bbox 125 1338 1585 1406; baseline 0 -16"><span class='ocrx_word' id='word_1_105' title='bbox 125 1341 332 1390; x_wconf 84' lang='lat' dir='ltr'><strong>nabazus</strong></span> <span class='ocrx_word' id='word_1_106' title='bbox 345 1374 362 1402; x_wconf 95' lang='lat'><strong>,</strong></span> <span class='ocrx_word' id='word_1_107' title='bbox 408 1341 540 1389; x_wconf 89' lang='lat' dir='ltr'><strong>cuius</strong></span> <span class='ocrx_word' id='word_1_108' title='bbox 573 1339 721 1406; x_wconf 76' lang='lat' dir='ltr'><strong>legati</strong></span> <span class='ocrx_word' id='word_1_109' title='bbox 755 1340 903 1390; x_wconf 91' lang='lat' dir='ltr'><strong>multo</strong></span> <span class='ocrx_word' id='word_1_110' title='bbox 939 1347 1047 1389; x_wconf 88' lang='lat' dir='ltr'><strong>ante</strong></span> <span class='ocrx_word' id='word_1_111' title='bbox 1082 1348 1282 1390; x_wconf 92' lang='lat' dir='ltr'><strong>mortem</strong></span> <span class='ocrx_word' id='word_1_112' title='bbox 1309 1338 1585 1396; x_wconf 36' lang='lat' dir='ltr'><strong>Alcibiadis.</strong></span> 
     </span>
     <span class='ocr_line' id='line_1_16' title="bbox 127 1419 1575 1483; baseline -0.001 -14"><span class='ocrx_word' id='word_1_113' title='bbox 127 1421 266 1469; x_wconf 90' lang='lat' dir='ltr'><strong>Susis</strong></span> <span class='ocrx_word' id='word_1_114' title='bbox 299 1419 603 1468; x_wconf 88' lang='lat' dir='ltr'><strong>advenerant.</strong></span> <span class='ocrx_word' id='word_1_115' title='bbox 680 1421 885 1468; x_wconf 84' lang='lat' dir='ltr'><strong>Etiamsi</strong></span> <span class='ocrx_word' id='word_1_116' title='bbox 917 1438 1033 1469; x_wconf 77' lang='lat' dir='ltr'><strong>vero</strong></span> <span class='ocrx_word' id='word_1_117' title='bbox 1067 1438 1153 1468; x_wconf 82' lang='lat' dir='ltr'><strong>rex</strong></span> <span class='ocrx_word' id='word_1_118' title='bbox 1186 1423 1354 1469; x_wconf 88' lang='lat' dir='ltr'><strong>scisset</strong></span> <span class='ocrx_word' id='word_1_119' title='bbox 1367 1455 1385 1483; x_wconf 95' lang='lat'><strong>,</strong></span> <span class='ocrx_word' id='word_1_120' title='bbox 1440 1419 1575 1470; x_wconf 89' lang='lat' dir='ltr'><strong>Alei-</strong></span> 
     </span>
     <span class='ocr_line' id='line_1_17' title="bbox 124 1497 1574 1565; baseline -0.001 -16"><span class='ocrx_word' id='word_1_121' title='bbox 124 1500 313 1549; x_wconf 88' lang='lat' dir='ltr'><strong>biadem</strong></span> <span class='ocrx_word' id='word_1_122' title='bbox 340 1500 543 1565; x_wconf 89' lang='lat' dir='ltr'><strong>primum</strong></span> <span class='ocrx_word' id='word_1_123' title='bbox 572 1497 689 1565; x_wconf 68' lang='lat' dir='ltr'><strong>Cyri</strong></span> <span class='ocrx_word' id='word_1_124' title='bbox 718 1505 937 1548; x_wconf 84' lang='lat' dir='ltr'><strong>conatum</strong></span> <span class='ocrx_word' id='word_1_125' title='bbox 971 1501 1211 1565; x_wconf 88' lang='lat' dir='ltr'><strong>aperuisse</strong></span> <span class='ocrx_word' id='word_1_126' title='bbox 1240 1499 1574 1562; x_wconf 86' lang='lat' dir='ltr'><strong>Pharnabazo,</strong></span> 
     </span>
     <span class='ocr_line' id='line_1_18' title="bbox 125 1579 1577 1645; baseline -0.001 -16"><span class='ocrx_word' id='word_1_127' title='bbox 125 1588 283 1629; x_wconf 89' lang='lat' dir='ltr'><strong>tamen</strong></span> <span class='ocrx_word' id='word_1_128' title='bbox 315 1598 393 1629; x_wconf 85' lang='lat' dir='ltr'><strong>ne..</strong></span> <span class='ocrx_word' id='word_1_129' title='bbox 411 1597 704 1628; x_wconf 89' lang='lat' dir='ltr'><strong>succensere</strong></span> <span class='ocrx_word' id='word_1_130' title='bbox 728 1579 920 1645; x_wconf 88' lang='lat' dir='ltr'><strong>quidem</strong></span> <span class='ocrx_word' id='word_1_131' title='bbox 953 1579 1051 1627; x_wconf 89' lang='lat' dir='ltr'><strong>ullo</strong></span> <span class='ocrx_word' id='word_1_132' title='bbox 1085 1580 1229 1628; x_wconf 90' lang='lat' dir='ltr'><strong>modo</strong></span> <span class='ocrx_word' id='word_1_133' title='bbox 1263 1580 1577 1629; x_wconf 87' lang='lat' dir='ltr'><strong>Pharnabazo</strong></span> 
     </span>
     <span class='ocr_line' id='line_1_19' title="bbox 125 1658 1577 1726; baseline -0.001 -17"><span class='ocrx_word' id='word_1_134' title='bbox 125 1667 338 1726; x_wconf 82' lang='lat' dir='ltr'><strong>poterat,</strong></span> <span class='ocrx_word' id='word_1_135' title='bbox 386 1660 469 1726; x_wconf 89' lang='lat' dir='ltr'><strong>qui</strong></span> <span class='ocrx_word' id='word_1_136' title='bbox 503 1677 733 1708; x_wconf 86' lang='lat' dir='ltr'><strong>summam</strong></span> <span class='ocrx_word' id='word_1_137' title='bbox 763 1658 908 1708; x_wconf 88' lang='lat' dir='ltr'><strong>fidem</strong></span> <span class='ocrx_word' id='word_1_138' title='bbox 941 1661 1273 1725; x_wconf 86' lang='lat' dir='ltr'><strong>praestitisset.</strong></span> <span class='ocrx_word' id='word_1_139' title='bbox 1359 1659 1441 1709; x_wconf 83' lang='lat' dir='ltr'><strong>Oh</strong></span> <span class='ocrx_word' id='word_1_140' title='bbox 1475 1667 1577 1708; x_wconf 88' lang='lat' dir='ltr'><strong>tan-</strong></span> 
     </span>
     <span class='ocr_line' id='line_1_20' title="bbox 124 1737 1578 1805; baseline -0.001 -17"><span class='ocrx_word' id='word_1_141' title='bbox 124 1740 277 1789; x_wconf 81' lang='lat' dir='ltr'><strong>tulam.</strong></span> <span class='ocrx_word' id='word_1_142' title='bbox 317 1754 505 1787; x_wconf 85' lang='lat' dir='ltr'><strong>causam</strong></span> <span class='ocrx_word' id='word_1_143' title='bbox 550 1756 694 1788; x_wconf 84' lang='lat' dir='ltr'><strong>nemo.</strong></span> <span class='ocrx_word' id='word_1_144' title='bbox 737 1738 860 1787; x_wconf 89' lang='lat' dir='ltr'><strong>solet</strong></span> <span class='ocrx_word' id='word_1_145' title='bbox 903 1739 1124 1788; x_wconf 79' lang='lat' dir='ltr'><strong>interfici.</strong></span> <span class='ocrx_word' id='word_1_146' title='bbox 1207 1737 1416 1788; x_wconf 82' lang='lat' dir='ltr'><strong>Accedit</strong></span> <span class='ocrx_word' id='word_1_147' title='bbox 1448 1739 1578 1805; x_wconf 86' lang='lat' dir='ltr'><strong>quod</strong></span> 
     </span>
     <span class='ocr_line' id='line_1_21' title="bbox 123 1815 1576 1885; baseline 0 -18"><span class='ocrx_word' id='word_1_148' title='bbox 123 1821 206 1867; x_wconf 84' lang='lat' dir='ltr'><strong>vix</strong></span> <span class='ocrx_word' id='word_1_149' title='bbox 239 1818 370 1868; x_wconf 91' lang='lat' dir='ltr'><strong>credi</strong></span> <span class='ocrx_word' id='word_1_150' title='bbox 403 1827 587 1883; x_wconf 85' lang='lat' dir='ltr'><strong>potest,</strong></span> <span class='ocrx_word' id='word_1_151' title='bbox 634 1815 938 1867; x_wconf 81' lang='lat' dir='ltr'><strong>Alcibiadem</strong></span> <span class='ocrx_word' id='word_1_152' title='bbox 953 1853 974 1881; x_wconf 86' lang='lat'><strong>,</strong></span> <span class='ocrx_word' id='word_1_153' title='bbox 1027 1821 1134 1869; x_wconf 79' lang='lat' dir='ltr'><strong>rari</strong></span> <span class='ocrx_word' id='word_1_154' title='bbox 1157 1820 1336 1885; x_wconf 77' lang='lat' dir='ltr'><strong>ingenii</strong></span> <span class='ocrx_word' id='word_1_155' title='bbox 1369 1819 1576 1884; x_wconf 89' lang='lat' dir='ltr'><strong>pruden-</strong></span> 
     </span>
     <span class='ocr_line' id='line_1_22' title="bbox 123 1898 1574 1965; baseline 0.001 -18"><span class='ocrx_word' id='word_1_156' title='bbox 123 1901 309 1964; x_wconf 84' lang='lat' dir='ltr'><strong>tiaeque</strong></span> <span class='ocrx_word' id='word_1_157' title='bbox 344 1898 596 1964; x_wconf 76' lang='lat' dir='ltr'><strong>singularis</strong></span> <span class='ocrx_word' id='word_1_158' title='bbox 639 1899 819 1959; x_wconf 77' lang='lat' dir='ltr'><strong>virum,</strong></span> <span class='ocrx_word' id='word_1_159' title='bbox 886 1906 985 1946; x_wconf 86' lang='lat' dir='ltr'><strong>tam</strong></span> <span class='ocrx_word' id='word_1_160' title='bbox 1029 1899 1353 1962; x_wconf 88' lang='lat' dir='ltr'><strong>imprudenter</strong></span> <span class='ocrx_word' id='word_1_161' title='bbox 1396 1901 1574 1965; x_wconf 72' lang='lat' dir='ltr'><strong>egisse,</strong></span> 
     </span>
     <span class='ocr_line' id='line_1_23' title="bbox 124 1975 1575 2043; baseline 0 -16"><span class='ocrx_word' id='word_1_162' title='bbox 124 1984 200 2040; x_wconf 91' lang='lat' dir='ltr'><strong>ut,</strong></span> <span class='ocrx_word' id='word_1_163' title='bbox 253 1995 397 2043; x_wconf 81' lang='lat' dir='ltr'><strong>quum</strong></span> <span class='ocrx_word' id='word_1_164' title='bbox 440 1982 654 2042; x_wconf 88' lang='lat' dir='ltr'><strong>speraret</strong></span> <span class='ocrx_word' id='word_1_165' title='bbox 698 1975 803 2025; x_wconf 84' lang='lat' dir='ltr'><strong>fore</strong></span> <span class='ocrx_word' id='word_1_166' title='bbox 816 2009 834 2039; x_wconf 89' lang='lat'><strong>,</strong></span> <span class='ocrx_word' id='word_1_167' title='bbox 890 1984 943 2026; x_wconf 90' lang='lat' dir='ltr'><strong>ut</strong></span> <span class='ocrx_word' id='word_1_168' title='bbox 985 1979 1215 2026; x_wconf 85' lang='lat' dir='ltr'><strong>maximus</strong></span> <span class='ocrx_word' id='word_1_169' title='bbox 1256 1978 1347 2027; x_wconf 89' lang='lat' dir='ltr'><strong>sibi</strong></span> <span class='ocrx_word' id='word_1_170' title='bbox 1393 1979 1575 2027; x_wconf 82' lang='lat' dir='ltr'><strong>fructus</strong></span> 
     </span>
     <span class='ocr_line' id='line_1_24' title="bbox 124 2056 1571 2123; baseline 0.001 -17"><span class='ocrx_word' id='word_1_171' title='bbox 124 2076 184 2107; x_wconf 82' lang='lat' dir='ltr'><strong>ex</strong></span> <span class='ocrx_word' id='word_1_172' title='bbox 211 2059 378 2106; x_wconf 87' lang='lat' dir='ltr'><strong>itinere</strong></span> <span class='ocrx_word' id='word_1_173' title='bbox 407 2056 468 2105; x_wconf 87' lang='lat' dir='ltr'><strong>ad</strong></span> <span class='ocrx_word' id='word_1_174' title='bbox 489 2074 653 2123; x_wconf 73' lang='lat' dir='ltr'><strong>regem</strong></span> <span class='ocrx_word' id='word_1_175' title='bbox 674 2057 935 2105; x_wconf 88' lang='lat' dir='ltr'><strong>Persarum</strong></span> <span class='ocrx_word' id='word_1_176' title='bbox 958 2059 1244 2107; x_wconf 84' lang='lat' dir='ltr'><strong>instituendo</strong></span> <span class='ocrx_word' id='word_1_177' title='bbox 1267 2058 1571 2121; x_wconf 86' lang='lat' dir='ltr'><strong>redundaret,</strong></span> 
     </span>
     <span class='ocr_line' id='line_1_25' title="bbox 123 2137 1571 2205; baseline 0 -18"><span class='ocrx_word' id='word_1_178' title='bbox 123 2156 219 2205; x_wconf 85' lang='lat' dir='ltr'><strong>quo</strong></span> <span class='ocrx_word' id='word_1_179' title='bbox 249 2137 447 2186; x_wconf 90' lang='lat' dir='ltr'><strong>consilio</strong></span> <span class='ocrx_word' id='word_1_180' title='bbox 471 2139 561 2186; x_wconf 90' lang='lat' dir='ltr'><strong>iter</strong></span> <span class='ocrx_word' id='word_1_181' title='bbox 582 2145 885 2203; x_wconf 86' lang='lat' dir='ltr'><strong>suscepturus</strong></span> <span class='ocrx_word' id='word_1_182' title='bbox 914 2146 1057 2201; x_wconf 89' lang='lat' dir='ltr'><strong>esset,</strong></span> <span class='ocrx_word' id='word_1_183' title='bbox 1091 2145 1269 2188; x_wconf 88' lang='lat' dir='ltr'><strong>temere</strong></span> <span class='ocrx_word' id='word_1_184' title='bbox 1291 2157 1398 2188; x_wconf 85' lang='lat' dir='ltr'><strong>cum</strong></span> <span class='ocrx_word' id='word_1_185' title='bbox 1417 2139 1571 2188; x_wconf 89' lang='lat' dir='ltr'><strong>Phar-</strong></span> 
     </span>
     <span class='ocr_line' id='line_1_26' title="bbox 123 2218 724 2267; baseline -0.003 -1"><span class='ocrx_word' id='word_1_186' title='bbox 123 2218 303 2267; x_wconf 85' lang='lat' dir='ltr'><strong>nabazo</strong></span> <span class='ocrx_word' id='word_1_187' title='bbox 339 2218 724 2265; x_wconf 86' lang='lat' dir='ltr'><strong>communicaret.</strong></span> 
     </span>
    </p>

    <p class='ocr_par' dir='ltr' id='par_1_4' title="bbox 65 2297 1642 2846">
     <span class='ocr_line' id='line_1_27' title="bbox 212 2297 1570 2363; baseline 0.001 -16"><span class='ocrx_word' id='word_1_188' title='bbox 212 2336 214 2338; x_wconf 88' lang='lat'>-</span> <span class='ocrx_word' id='word_1_189' title='bbox 258 2300 429 2348; x_wconf 85' lang='lat' dir='ltr'><strong>Restat</strong></span> <span class='ocrx_word' id='word_1_190' title='bbox 461 2298 631 2363; x_wconf 76' lang='lat' dir='ltr'><strong>igitur,</strong></span> <span class='ocrx_word' id='word_1_191' title='bbox 679 2305 732 2345; x_wconf 89' lang='lat' dir='ltr'><strong>ut</strong></span> <span class='ocrx_word' id='word_1_192' title='bbox 764 2316 877 2346; x_wconf 85' lang='lat' dir='ltr'><strong>vera</strong></span> <span class='ocrx_word' id='word_1_193' title='bbox 912 2299 973 2346; x_wconf 84' lang='lat' dir='ltr'><strong>sit</strong></span> <span class='ocrx_word' id='word_1_194' title='bbox 1007 2297 1164 2346; x_wconf 74' lang='lat' dir='ltr'><strong>alterav</strong></span> <span class='ocrx_word' id='word_1_195' title='bbox 1186 2302 1415 2349; x_wconf 87' lang='lat' dir='ltr'><strong>sententia</strong></span> <span class='ocrx_word' id='word_1_196' title='bbox 1450 2301 1570 2349; x_wconf 85' lang='lat' dir='ltr'><strong>Dio-</strong></span> 
     </span>
     <span class='ocr_line' id='line_1_28' title="bbox 124 2376 1571 2443; baseline -0.001 -15"><span class='ocrx_word' id='word_1_197' title='bbox 124 2378 261 2442; x_wconf 83' lang='lat' dir='ltr'><strong>dori,</strong></span> <span class='ocrx_word' id='word_1_198' title='bbox 320 2376 596 2438; x_wconf 86' lang='lat' dir='ltr'><strong>Plutarchi,</strong></span> <span class='ocrx_word' id='word_1_199' title='bbox 650 2377 892 2440; x_wconf 85' lang='lat' dir='ltr'><strong>Cornelii,</strong></span> <span class='ocrx_word' id='word_1_200' title='bbox 951 2379 1034 2443; x_wconf 86' lang='lat' dir='ltr'><strong>qui</strong></span> <span class='ocrx_word' id='word_1_201' title='bbox 1072 2379 1436 2428; x_wconf 85' lang='lat' dir='ltr'><strong>Pharnabazum</strong></span> <span class='ocrx_word' id='word_1_202' title='bbox 1452 2413 1468 2441; x_wconf 88' lang='lat'><strong>,</strong></span> <span class='ocrx_word' id='word_1_203' title='bbox 1519 2387 1571 2427; x_wconf 91' lang='lat' dir='ltr'><strong>ut</strong></span> 
     </span>
     <span class='ocr_line' id='line_1_29' title="bbox 121 2447 1642 2523; baseline 0 -16"><span class='ocrx_word' id='word_1_204' title='bbox 121 2458 515 2508; x_wconf 83' lang='lat' dir='ltr'><strong>Lacedaemoniis</strong></span> <span class='ocrx_word' id='word_1_205' title='bbox 548 2458 924 2522; x_wconf 78' lang='lat' dir='ltr'><strong>gratificaretur,</strong></span> <span class='ocrx_word' id='word_1_206' title='bbox 974 2459 1133 2507; x_wconf 87' lang='lat' dir='ltr'><strong>caedis</strong></span> <span class='ocrx_word' id='word_1_207' title='bbox 1165 2469 1405 2508; x_wconf 86' lang='lat' dir='ltr'><strong>auctorem</strong></span> <span class='ocrx_word' id='word_1_208' title='bbox 1442 2461 1569 2507; x_wconf 84' lang='lat' dir='ltr'><strong>fece·</strong></span> <span class='ocrx_word' id='word_1_209' title='bbox 1594 2447 1642 2523; x_wconf 63' lang='lat'><em>)</em></span> 
     </span>
     <span class='ocr_line' id='line_1_30' title="bbox 122 2536 1568 2606; baseline 0 -18"><span class='ocrx_word' id='word_1_210' title='bbox 122 2547 251 2590; x_wconf 89' lang='lat' dir='ltr'><strong>runt.</strong></span> <span class='ocrx_word' id='word_1_211' title='bbox 320 2536 488 2603; x_wconf 78' lang='lat' dir='ltr'><strong>Quod,</strong></span> <span class='ocrx_word' id='word_1_212' title='bbox 524 2543 577 2585; x_wconf 90' lang='lat' dir='ltr'><strong>ut</strong></span> <span class='ocrx_word' id='word_1_213' title='bbox 608 2539 870 2587; x_wconf 88' lang='lat' dir='ltr'><strong>accuratius</strong></span> <span class='ocrx_word' id='word_1_214' title='bbox 900 2537 1247 2604; x_wconf 76' lang='lat' dir='ltr'><strong>intelligamus,</strong></span> <span class='ocrx_word' id='word_1_215' title='bbox 1271 2557 1369 2606; x_wconf 87' lang='lat' dir='ltr'><strong>quo</strong></span> <span class='ocrx_word' id='word_1_216' title='bbox 1390 2539 1568 2588; x_wconf 87' lang='lat' dir='ltr'><strong>circulo</strong></span> 
     </span>
     <span class='ocr_line' id='line_1_31' title="bbox 94 2614 1567 2685; baseline -0.001 -16"><span class='ocrx_word' id='word_1_217' title='bbox 94 2614 97 2618; x_wconf 43' lang='lat'>⁵</span> <span class='ocrx_word' id='word_1_218' title='bbox 121 2638 200 2669; x_wconf 89' lang='lat' dir='ltr'><strong>res</strong></span> <span class='ocrx_word' id='word_1_219' title='bbox 224 2621 481 2669; x_wconf 85' lang='lat' dir='ltr'><strong>Persarum</strong></span> <span class='ocrx_word' id='word_1_220' title='bbox 505 2618 1086 2684; x_wconf 87' lang='lat' dir='ltr'><strong>Lacedaemoniorumque</strong></span> <span class='ocrx_word' id='word_1_221' title='bbox 1120 2637 1178 2668; x_wconf 90' lang='lat' dir='ltr'><strong>eo</strong></span> <span class='ocrx_word' id='word_1_222' title='bbox 1208 2628 1420 2685; x_wconf 78' lang='lat' dir='ltr'><strong>t&#39;empore</strong></span> <span class='ocrx_word' id='word_1_223' title='bbox 1455 2637 1567 2668; x_wconf 91' lang='lat' dir='ltr'><strong>con-</strong></span> 
     </span>
     <span class='ocr_line' id='line_1_32' title="bbox 120 2695 1568 2769; baseline -0.001 -21"><span class='ocrx_word' id='word_1_224' title='bbox 120 2695 307 2748; x_wconf 78' lang='lat' dir='ltr'><strong>iunctae</strong></span> <span class='ocrx_word' id='word_1_225' title='bbox 342 2701 544 2760; x_wconf 75' lang='lat' dir='ltr'><strong>filerint,</strong></span> <span class='ocrx_word' id='word_1_226' title='bbox 591 2700 756 2763; x_wconf 87' lang='lat' dir='ltr'><strong>paucis</strong></span> <span class='ocrx_word' id='word_1_227' title='bbox 774 2700 880 2769; x_wconf 16' lang='lat' dir='ltr'><strong>&#39;erit</strong></span> <span class='ocrx_word' id='word_1_228' title='bbox 913 2700 1309 2764; x_wconf 85' lang='lat' dir='ltr'><strong>persequendum.</strong></span> <span class='ocrx_word' id='word_1_229' title='bbox 1389 2700 1568 2760; x_wconf 85' lang='lat' dir='ltr'><strong>Quam-</strong></span> 
     </span>
     <span class='ocr_line' id='line_1_33' title="bbox 65 2770 1569 2846; baseline -0.001 -17"><span class='ocrx_word' id='word_1_230' title='bbox 65 2770 66 2774; x_wconf 22' lang='lat'><em>*</em></span> <span class='ocrx_word' id='word_1_231' title='bbox 119 2797 261 2846; x_wconf 82' lang='lat' dir='ltr'><strong>quam</strong></span> <span class='ocrx_word' id='word_1_232' title='bbox 295 2780 423 2833; x_wconf 89' lang='lat' dir='ltr'><strong>bello</strong></span> <span class='ocrx_word' id='word_1_233' title='bbox 469 2779 880 2846; x_wconf 89' lang='lat' dir='ltr'><strong>Peloponnesiaco</strong></span> <span class='ocrx_word' id='word_1_234' title='bbox 924 2779 1058 2843; x_wconf 88' lang='lat' dir='ltr'><strong>plura</strong></span> <span class='ocrx_word' id='word_1_235' title='bbox 1104 2783 1227 2830; x_wconf 89' lang='lat' dir='ltr'><strong>inter</strong></span> <span class='ocrx_word' id='word_1_236' title='bbox 1260 2783 1439 2830; x_wconf 88' lang='lat' dir='ltr'><strong>Persas</strong></span> <span class='ocrx_word' id='word_1_237' title='bbox 1473 2782 1569 2828; x_wconf 91' lang='lat' dir='ltr'><strong>La-</strong></span> 
     </span>
    </p>
   </div>
   <div class='ocr_carea' id='block_1_3' title="bbox 1285 2860 1347 2908">
    <p class='ocr_par' dir='ltr' id='par_1_5' title="bbox 1285 2860 1347 2908">
     <span class='ocr_line' id='line_1_34' title="bbox 1285 2860 1347 2908; baseline 0 -30"><span class='ocrx_word' id='word_1_238' title='bbox 1285 2860 1347 2908; x_wconf 79' lang='lat'><strong>7.</strong></span> 
     </span>
    </p>
   </div>
  </div>
 </body>
</html>
