1816 3182
198 164 234 215 2
758 167 893 210 PARS
923 171 1099 216 PRIOR.

199 278 321 347 perii
354 280 577 333 habuisse
612 281 972 351 Thrasybulum
985 319 1002 348 ,
1057 292 1272 353 quamvis
1306 290 1482 345 bouum
1517 289 1664 353 impe-

199 370 407 412 ratorem
442 361 570 412 hune
606 364 754 412 fuisse
789 382 888 413 non
921 365 1206 431 infitiemur,
1264 388 1473 420 summus
1507 376 1667 419 tamen

200 445 460 509 imperator
477 439 759 492 Alcibiades
791 463 877 493 suo
907 447 1009 494 iure
1032 446 1224 511 dicitur,
1256 453 1291 499 i.
1315 470 1360 501 e.
1383 453 1662 517 imperator,

101 557 103 559 ·
202 542 296 574 :zon
331 524 411 574 ille
449 524 657 573 omnium
690 526 1145 591 praestantissimus,
1184 529 1270 577 sed
1305 531 1523 579 omnibus
1556 547 1665 596 par-

199 607 324 654 tibus
372 606 618 653 absolutus
659 623 937 670 summaque
983 606 1123 654 laude
1161 607 1352 672 dig-nus.
1438 611 1540 660 Sed
1582 610 1665 658 illa
1713 662 1717 672 f

198 686 414 737 Cornelii
448 686 499 734 in
532 683 778 753 Thrasyb.
811 684 958 740 verba
993 704 1091 735 non
1121 693 1231 736 sunt
1266 688 1332 739 ita
1366 689 1661 756 accipienda,

197 769 334 833 quasi
367 766 487 814 nihil
520 767 713 813 omnino
746 763 1031 814 Alcibiades
1073 769 1175 814 sine
1191 767 1519 834 ‘Thrasybulo
1555 788 1663 835 ges·

196 849 341 897 serit:
414 847 670 912 respicitur
717 843 842 895 enim
901 844 962 894 ad
1008 841 1127 894 illud
1171 851 1388 911 teman,
1459 867 1519 898 ex
1566 866 1662 915 quo

193 925 479 977 Alcibiades
492 961 508 990 ,
579 928 629 975 in
675 927 877 992 patriam
922 928 1194 989 restitutuS,
1248 927 1576 996 Thrasybulo·
1614 936 1663 977 et

193 1009 489 1057 Therameni
520 1008 709 1073 collega
739 1007 1007 1071 adscriptus
1038 1014 1128 1056 est.
1164 1005 1299 1075 (Alc.
1323 1008 1389 1069 V,
1414 1007 1493 1075 4).
1552 1009 1660 1058 Ma-

192 1089 372 1138 nifesto
410 1088 534 1136 enim
570 1086 682 1147 illa,
720 1103 842 1151 quae
878 1093 988 1134 sunt
1021 1088 1071 1134 in
1105 1086 1441 1153 Thrasybulo,
1487 1088 1662 1135 referri

192 1186 291 1217 non
325 1174 526 1232 possunt
562 1165 624 1213 ad
658 1171 865 1230 tempuS,
907 1185 1003 1232 quo
1032 1165 1314 1217 Alcibiades
1347 1166 1472 1231 apud
1505 1167 1659 1216 Lace·-

192 1248 469 1297 daemonios
504 1246 748 1312 ingenium
791 1253 839 1294 et
872 1248 1095 1295 virtutem
1142 1247 1394 1295 militarem
1441 1264 1659 1311 compro-

192 1328 342 1378 bavit.
391 1324 524 1392 (Ale.
562 1326 655 1388 IV,
695 1324 768 1393 7).
855 1326 958 1374 Sed
992 1345 1052 1375 ne
1094 1334 1207 1374 tunc
1247 1327 1464 1392 quidem,
1515 1345 1660 1392 quum

190 1409 332 1458 simul
366 1426 473 1458 eum
499 1406 807 1474 Thrasybulo
839 1409 1041 1473 imperio
1074 1409 1374 1475 fungeretur,
1411 1406 1662 1455 nibilsine
1729 1436 1733 1462 ,ι

188 1489 284 1537 hoc
320 1489 488 1554 gessit.
571 1487 709 1535 Infra-
750 1487 876 1535 enim
919 1505 947 1535 a
989 1488 1128 1536 nobis
1165 1488 1566 1536 demonstrabitur
1597 1487 1660 1535 ad

189 1568 547 1627 chalcedonem
584 1575 632 1616 et
658 1565 887 1633 Abydum
923 1568 1120 1617 absente
1146 1568 1452 1634 Thrasybulo
1486 1570 1659 1616 vicisse

187 1646 518 1698 Alcibiadem.
565 1647 650 1698 Cf.
680 1648 807 1696 Pars
831 1646 900 1695 Π.
937 1665 1044 1713 cap.
1073 1646 1129 1696 6.
1200 1647 1259 1694 In
1287 1647 1471 1714 reliqua
1503 1655 1659 1696 autem

187 1729 284 1775 vita
317 1728 585 1776 Alcibiadis
627 1736 810 1776 tantum
844 1727 980 1775 abest
993 1761 1012 1788 ,
1067 1734 1121 1774 ut
1163 1728 1300 1775 locos
1343 1723 1661 1788 inveniamus,

187 1808 469 1874 quibuscum
502 1808 635 1856 ‘haec
679 1807 884 1871 verba,
928 1826 1050 1873 quae
1098 1807 1398 1857 defendenda
1448 1807 1659 1871 suscepi-

187 1906 313 1950 mus,
351 1894 585 1955 pugnent,
623 1894 676 1935 ut
697 1887 836 1935 multi
856 1889 970 1950 sint,
1008 1889 1091 1954 qui
1125 1890 1323 1955 egregie
1359 1905 1415 1936 ea
1445 1894 1654 1935 tuentur.

189 1969 273 2019 Cf.
304 1971 398 2031 IV,
439 1969 501 2031 '73
540 1969 634 2029 VI,
675 1967 711 2016 2
746 1969 833 2018 fin.
916 1967 1083 2042 Atque
1118 1972 1323 2034 peritum
1358 1988 1409 2017 se
1446 1987 1551 2018 esse
1585 1968 1659 2036 rei

189 2040 416 2099 militaris
449 2055 557 2097 ante
603 2048 841 2115 proelium
887 2049 949 2097 ad
981 2046 1154 2117 Aegos
1196 2050 1401 2098 Flumen
1438 2049 1658 2098 commis-

189 2148 293 2177 sum
328 2129 556 2190 ostendit,
593 2129 696 2190 ubi,
735 2147 881 2203 quum
916 2132 1017 2178 eius
1057 2130 1305 2178 consilium
1339 2131 1657 2195 auxiliumque

188 2227 217 2258 a
244 2209 488 2275 Philocle,
528 2204 647 2257 duce
677 2206 1066 2272 Atheniensium,
1104 2217 1374 2259 recusatum
1403 2217 1548 2271 esset,
1585 2210 1656 2255 in-

191 2292 337 2356 genti
342 2289 483 2340 clade
504 2287 830 2338 Athenienses
850 2292 1011 2339 affecti
1033 2297 1159 2338 sunt.
1201 2289 1284 2338 Cf.
1297 2290 1443 2351 VIII,
1470 2288 1498 2337 1
1513 2306 1652 2355 seqq.

190 2362 352 2436 ibique
397 2367 631 2435 imprimis
678 2388 790 2419 vm:
854 2373 988 2434 „etsi
1030 2388 1144 2420 vere
1189 2369 1366 2418 dictum
1410 2369 1658 2418 Philocles

190 2449 641 2498 animadvertebat“
679 2458 795 2500 cett.
881 2453 940 2500 Si
974 2454 1082 2517 quis
1115 2451 1421 2499 nihilominus
1455 2450 1656 2515 impera-

190 2531 363 2579 toriam
397 2527 669 2578 Alcibiadis
702 2533 924 2580 virtutem
964 2530 1244 2599 addubitare
1280 2531 1473 2592 audeat,
1533 2530 1657 2579 rele-

192 2610 378 2679 gandus
414 2610 488 2659 est
522 2610 583 2658 ad
616 2611 769 2663 Diod.
797 2611 902 2661 Sic.
929 2598 1078 2674 XIII,
1107 2610 1181 2660 68
1218 2610 1363 2674 (κατὰ
1396 2611 1485 2679 τὴν
1516 2628 1658 2680 στρω-

190 2682 324 2743 tela&
356 2689 600 2759 ἄριστος),
635 2691 768 2740 Plin.
806 2693 941 2741 nist.
978 2693 1048 2742 N.
1083 2692 1335 2755 XXXIV,
1374 2690 1463 2742 12.
1518 2692 1654 2741 Pht.

189 2769 307 2823 Alc.
320 2806 340 2836 ,
379 2771 465 2822 ubi
497 2770 659 2820 multis
692 2768 814 2822 locis
848 2776 1150 2840 summopere
1185 2773 1383 2823 effertu'*
1416 2778 1471 2822 et
1491 2769 1660 2824 τελειό-
