1816 3182
213 169 286 220 72
413 197 415 199 -
702 173 840 217 PARS
874 172 1197 219 Posmmon

127 344 132 348 ,
218 284 368 335 multo
401 292 514 353 post
548 288 609 337 in
632 287 1025 356 Peloponnesum
1057 292 1331 358 profectum
1364 309 1472 342 esse
1506 290 1682 355 tradat,

220 368 352 415 venit
385 385 511 417 anno
548 366 636 417 01.
671 368 797 418 XCI
830 371 1041 420 secundo
1076 372 1180 421 fere
1214 372 1400 435 medio,
1459 368 1685 437 Spartam

220 452 380 496 autem
414 446 504 497 sub
537 447 685 498 finem
716 448 803 500 Ol.
841 445 996 514 XCI,
1033 450 1099 514 5,
1146 450 1198 501 id
1231 452 1362 519 quod
1395 470 1456 501 ex
1490 451 1686 519 Thucy-

198 526 335 595 „dide
370 529 698 595 cognoscitur.
770 527 921 597 Apud
955 531 1289 599 Thucydidem
1322 534 1448 582 enim
1480 532 1577 595 VI,
1611 531 1688 581 88

221 604 506 660 Alcibiades
550 612 757 676 primum
803 610 1023 677 Spartae
1056 618 1482 675 commemoratur,
1542 630 1688 679 quum

222 689 480 753 persuadet
501 690 921 753 Lacedaemoniis,
957 697 1010 739 ut
1031 692 1205 740 auxilia
1228 692 1543 759 Syracusanis
1566 693 1687 742 duce

224 767 437 835 Gylippo
471 771 679 819 mittant.
749 770 878 819 Num
912 771 1060 837 igitur
1086 788 1175 837 per
1200 777 1353 820 totum
1386 789 1560 821 annum
1593 789 1690 821 uno

225 848 492 916 eodemque
525 849 637 899 loco
670 851 957 900 mansisset?
1018 852 1133 900 Hoc
1167 868 1228 899 ne
1263 851 1561 916 opinemur,
1592 851 1687 901 dis-

223 928 449 978 suadetur
480 930 626 978 etiam
659 915 913 980 Plutarch.
944 928 1061 980 Alc.
1099 930 1357 979 c.XX111
1388 930 1465 979 his
1498 932 1684 981 verbis.

223 1006 463 1060 τοσούτων
515 1011 568 1061 δὲ
615 1015 1047 1080 κατεψηφισμένων
1085 1006 1384 1074 Ἀλκιβιάδου
1429 1012 1513 1062 καὶ
1556 1030 1690 1063 κατε-

224 1093 518 1154 γνωσμένων,
553 1089 776 1155 ἐτύγχανε
807 1094 896 1157 μὲν
923 1094 974 1141 ἐν
995 1089 1153 1158 Ἀργει
1178 1092 1431 1159 διατρίβων
1440 1117 1466 1153 ‚·
1494 1090 1558 1152 ὡς
1585 1091 1690 1143 τότε

224 1171 414 1237 πρῶτον
453 1172 507 1221 ἐκ
555 1172 770 1238 Θουρίων
811 1168 1031 1237 ἀποδρὰς
1069 1174 1138 1233 εἰς
1172 1169 1553 1242 Πελοπόννησον
1600 1175 1691 1240 διε-

225 1251 462 1317 κομίσθη.
539 1248 656 1298 Fuit
699 1252 848 1318 igitur
890 1251 1032 1299 etiam
1066 1251 1118 1297 in
1149 1246 1418 1316 Argolide,
1477 1251 1530 1299 id
1562 1250 1693 1318 quod

225 1329 478 1378 confirmat
508 1328 762 1403 lsocr.‘de
796 1330 1097 1398 big.·e.l]1.
1168 1329 1284 1378 «Iam
1318 1349 1434 1380 vero
1469 1333 1512 1381 si
1547 1350 1691 1399 quae-

222 1411 392 1472 rimus,
430 1427 528 1477 quo
562 1428 624 1459 ex
642 1411 790 1459 'fonte
814 1409 1070 1460 Cornelius
1104 1410 1232 1458 istud
1266 1410 1326 1460 de
1354 1411 1540 1460 Thebis
1574 1412 1690 1460 hau-

225 1491 372 1554 serit,
426 1508 488 1541 ex
528 1490 622 1540 hac
666 1492 773 1558 ipsa
806 1491 903 1539 vita
935 1507 1017 1540 res
1047 1489 1327 1540 illustratur.
1408 1492 1491 1540 Ex
1524 1492 1690 1543 Theo-

225 1587 405 1637 pompo
437 1572 599 1622 hausit
632 1579 681 1622 et
715 1590 776 1621 ex
809 1572 1033 1632 Timaeo,
1082 1571 1150 1618 ita
1183 1576 1342 1619 tamen
1377 1572 1602 1636 fortasse,
1638 1579 1693 1621 ut

229 1650 477 1718 Satyrum,
515 1655 598 1720 qui
631 1653 727 1702 illis
760 1650 962 1700 ducibus
995 1657 1227 1713 uteretur,
1265 1653 1555 1703 consuleret.
1604 1653 1689 1703 Cf.

205 1741 372 1796 ‘supra
406 1732 530 1799 Cap.
567 1734 639 1783 11.
711 1730 768 1781 A.
797 1731 1120 1797 Theopompo
1167 1731 1292 1779 enim
1336 1739 1386 1781 et
1426 1750 1455 1781 a
1489 1734 1692 1782 Timaeo

228 1810 344 1860 dicit
378 1810 447 1881 (e.
475 1812 575 1882 XI)
604 1812 846 1879 proditum
875 1829 1002 1873 esse,
1038 1808 1343 1871 Alcibiadem
1366 1813 1554 1862 Thebis
1586 1831 1691 1862 esse

227 1900 572 1942 commoratum
619 1881 895 1958 eorumque*
930 1890 1100 1940 studiis
1144 1891 1420 1941 inservisse.
1502 1890 1693 1943 Eodem

228 1970 374 2031 modo
422 1971 626 2040 Satyrus
664 1970 800 2038 apud
843 1967 1030 2020 Athen.
1073 1970 1206 2019 XII.
1242 1988 1295 2036 p.
1333 1969 1448 2021 554
1480 1973 1546 2022 Β.
1585 1992 1694 2023 eum

166 2086 169 2090 -
228 2050 429 2112 Thebis,
459 2053 800 2115 Boeotiorum,
857 2049 973 2118 quid
1007 2050 1139 2117 quod
1169 2052 1219 2100 in
1255 2046 1511 2102 Thessaliin
1544 2055 1693 2103 fuisse

91 2148 95 2151 ·
198 2186 201 2187 ⁷
228 2128 362 2189 dicit.

727 2303 1006 2366 CAPUT
1082 2302 1190 2376 VI.

227 2382 431 2455 Quonmu
466 2412 692 2449 vmomnu
732 2413 820 2450 orn
863 2412 1056 2450 FAC-rum
1096 2412 1189 2454 srr,
1233 2412 1296 2448 m·
1330 2406 1608 2449 Ammmms
1646 2415 1695 2449 m
1734 2389 1742 2396 ’

226 2481 434 2518 ramum
451 2482 870 2535 assummum-un,
934 2482 1210 2528 onwan-un
1243 2482 1308 2535 nu
1331 2482 1525 2525 ansus,
1566 2484 1691 2528 oms

115 2597 119 2600 Ι
224 2551 502 2587 Ammunsss
524 2551 813 2588 RESTITUTUS
836 2552 1087 2593 GEssssnn’,
1129 2552 1194 2587 AD
1224 2551 1367 2586 ILLUD
1396 2550 1555 2595 USQUE
1577 2552 1691 2589 TEM-

509 2620 620 2662 PUS,
657 2621 736 2657 UBI
769 2621 987 2657 ATHENAS
1018 2619 1414 2663 REVERTERETUR.
1502 2640 1504 2642 -

331 2721 339 2726 ·
364 2702 620 2752 Cornelius
640 2700 757 2750 Alc.
781 2720 827 2750 c.
846 2703 920 2751 V:
962 2704 1149 2764 „Initio
1170 2720 1278 2750 cum
1294 2701 1535 2757 Pisandro
1554 2720 1692 2768 prae-

225 2787 331 2832 tore
376 2800 466 2849 per
509 2782 825 2842 internuntios
872 2781 1162 2849 colloquitur
1209 2781 1361 2831 etde
1406 2781 1564 2833 reditu
1607 2801 1695 2847 suo
