1816 3182
211 180 287 230 52
706 182 843 223 PARS
872 182 1193 227 PosTEmon.

211 311 265 345 se
308 292 433 345 locis
475 293 750 347 incredffiili
783 296 943 349 taedio
975 297 1683 365 1331111111·(101·301131131·11ι,ᾰ

211 365 380 425 nescio
424 394 520 442 qua
563 378 836 442 suspicione
882 380 1155 445 implemur.
1235 382 1480 449 Thrasyb.
1510 382 1570 456 Ι,
1611 380 1677 431 32

214 456 621 521 „Peloponnesio
643 456 774 508 hello
799 459 950 508 multa
980 460 1061 509 hic
1091 463 1194 511 sine
1208 459 1480 513 Alcibiade
1507 453 1679 529 gessit,

211 537 292 587 ille
328 537 506 586 1111113111
535 555 639 586 rem
673 540 776 588 sine
811 539 926 603 1100,
965 558 1087 608 quae
1116 542 1197 592 ille
1224 544 1448 593 universa
1478 541 1681 592 naturali

210 618 419 684 quodam
453 618 586 668 hono
622 621 740 669 fecit
775 620 964 671 lucri.“
1035 622 1118 672 Cf.
1155 621 1274 672 Alc.
1310 624 1358 686 Ι,
1395 623 1474 675 23
1520 631 1679 686 „Gou-

210 698 398 765 siliique
436 697 628 763 plenus.
711 702 932 768 Namque
967 705 1229 768 imperator
1263 704 1354 753 fuit
1384 722 1614 754 summus.
1630 709 1681 754 et

207 780 329 828 mari
367 786 416 827 et
449 784 623 829 terra‘ss
661 788 711 830 et
743 782 861 843 Vl,
874 781 937 830 5:
990 783 1159 844 „Nam
1199 791 1453 850 postquam
1497 784 1677 833 exerc‘h

207 863 277 909 tui
333 878 558 925 praeesse
614 868 871 925 coeperat,
944 879 1103 927 neque
1158 870 1289 913 terra
1344 882 1501 931 neque
1556 865 1677 913 mari

205 941 372 989 hostes
405 957 548 1005 pares
583 958 689 990 esse
726 948 1000 1006 potuerant.
1009 945 1048 974 ‘⁶
1117 943 1279 993 Porro
1316 943 1496 994 Τ110111.
1531 945 1577 1007 Ι,
1615 942 1672 993 12

205 1022 387 1085 „huius
409 1023 525 1070 vitia
555 1023 766 1071 ineuntis.
787 1021 1138 1072 adolescentiae
1171 1026 1358 1091 magnis
1381 1031 1491 1073 sunt
1516 1034 1676 1079 0111011»

208 1103 319 1152 data
364 1103 620 1153 virtutibus
636 1137 652 1166 ,
719 1111 773 1152 ut
818 1103 1117 1171 anteferatur
1157 1105 1267 1175 huie
1312 1121 1447 1153 neme
1460 1138 1478 1165 ,
1532 1106 1681 1171 pauci

195 1201 344 1249 pares
388 1187 685 1248 putentia-fl
733 1243 736 1247 ¹
776 1183 891 1231 Non
945 1183 1084 1232 aliter
1131 1185 1332 1234 Marcus
1379 1185 1592 1247 Tulliusf
1614 1185 1675 1235 de

205 1262 536 1312 Themistocle
578 1262 786 1325 iudicat,
837 1264 920 1328 qui
963 1263 1179 1328 pluribus
1224 1266 1275 1312 in
1319 1264 1441 1314 locis
1476 1266 1675 1316 Themi-

204 1343 407 1390 stoclem
449 1350 593 1407 atque
638 1343 1023 1406 Epaminondam
1064 1346 1307 1407 principes
1351 1347 1481 1393 viros
1526 1348 1674 1395 fuisse

203 1422 441 1472 Graeciae
497 1422 767 1472 confirmat.
868 1422 1123 1472 Cornelius
1184 1439 1300 1472 vero
1358 1425 1675 1491 principatum

202 1500 566 1553 Themistoclis
597 1520 706 1552 cum
752 1503 970 1568 plurimis
1016 1505 1351 1551 communicat.
1424 1505 1670 1572 Thrasyl».

198 1587 246 1647 Ι,
273 1584 330 1633 1:
374 1586 477 1646 „si
493 1602 582 1649 per
615 1601 669 1633 se
702 1584 854 1632 virtus
889 1585 1016 1632 sine
1027 1583 1222 1632 fortuna
1251 1583 1585 1649 ponderanda
1581 1586 1670 1648 sit,

197 1666 364 1714 nescio
413 1681 475 1711 an
521 1664 650 1712 hunc
704 1664 909 1728 primum
964 1664 1174 1711 omnium
1224 1680 1419 1728 ponam.
1427 1667 1466 1696 “
1548 1663 1673 1713 Cum

187 1746 375 1812 quibus
409 1745 532 1793 locis
567 1761 836 1806 compone,
881 1761 1016 1809 quae-
1038 1744 1090 1791 in
1122 1743 1306 1808 Iphicr.
1339 1743 1386 1804 Ι,
1417 1740 1447 1791 1
1483 1743 1671 1808 praedi-

198 1833 306 1888 cat,
368 1841 492 1890 quae
527 1825 681 1891 magis
716 1824 842 1872 inter
876 1840 928 1872 se
963 1829 1180 1890 pugnent
1214 1841 1276 1871 an
1300 1840 1420 1872 cum
1454 1823 1559 1876 aliis
1590 1823 1672 1874 vel

197 1905 416 1955 Cornelii
451 1904 530 1953 vel
564 1904 767 1953 aliorum
801 1905 1110 1965 testimoniis,
1160 1904 1290 1952 haud
1320 1905 1387 1951 ita
1421 1903 1564 1952 facile
1599 1904 1670 1952 1111-

196 1986 501 2037 iudicaveris.
1556 2011 1558 2014 v

292 2064 539 2116 Accedo
574 2066 669 2113 iam
699 2064 762 2114 ad
780 2064 993 2114 alterum
1029 2066 1230 2127 crimen,
1268 2064 1400 2131 quod
1428 2064 1542 2113 fidei
1554 2023 1668 2115 Ne·

194 2149 323 2212 potis
365 2146 626 2196 historicae
668 2145 869 2195 mirifice
914 2146 1078 2195 officit.
1165 2144 1342 2195 Studet
1387 2148 1512 2195 enim
1555 2156 1668 2213 pro-

195 2227 325 2276 ferre
368 2245 448 2276 res
492 2244 635 2293 quam
669 2233 832 2292 potest
863 2228 1070 2275 maxime
1097 2225 1467 2290 memorabiles,
1519 2244 1669 2276 novas

193 2314 337 2373 atque
372 2307 628 2355 inauditas.
700 2307 776 2355 Ita
812 2308 990 2357 factum
1025 2313 1128 2369 est,
1176 2313 1230 2354 ut
1263 2323 1348 2368 03,
1398 2324 1524 2373 quiae
1557 2314 1670 2357 nota

193 2394 357 2435 essent
403 2387 463 2435 de
509 2389 615 2435 viro
670 2387 829 2453 aliquo
885 2387 1086 2447 illustri,
1154 2387 1382 2452 persequi
1407 2417 1410 2420 >
1431 2388 1669 2436 interdu

192 2468 344 2517 nollet
357 2501 374 2530 ,
436 2467 519 2516 diu
564 2474 722 2515 autem
769 2466 992 2521 haereret
1034 2468 1084 2514 in
1128 2465 1274 2515 rebus
1321 2466 1527 2515 fortasse
1561 2476 1668 2516 noh

193 2565 337 2613 saepe
374 2546 556 2609 obviis,
606 2546 693 2595 sed
727 2553 888 2611 tamen
922 2546 1052 2596 haud
1083 2547 1248 2613 magni
1282 2539 1546 2609 momenti,
1566 2564 1667 2597 for.-

192 2629 363 2676 nandis
396 2636 444 2677 et
473 2628 666 2676 fortiter
695 2628 928 2694 augendis
963 2636 1106 2693 atque
1138 2625 1522 2690 amplificandis„
1553 2627 1668 2677 Nc·

192 2725 446 2773 possumus
491 2706 686 2773 quidem
733 2714 1023 2755 commenta*
1048 2704 1267 2757 Cornelii
1313 2706 1464 2770 ipsius
1515 2708 1665 2755 mani-

191 2789 318 2839 festo
354 2787 745 2853 deprehendere,
783 2795 866 2837 aut
896 2789 940 2835 si
967 2784 1341 2853 deprehendisse
1366 2785 1508 2837 nobis
1533 2786 1665 2838 vido-

1770 2872 1816 3182 ’4
