1816 3182
205 157 280 210 88
407 168 413 174 ’
697 156 834 201 PARS
865 157 1188 202 Posmmon.

209 280 560 325 commutarunt
588 274 680 325 viri
707 274 840 328 docti
862 278 913 328 in
933 278 1149 342 Bornos,
1180 276 1482 341 Bisanthem,
1511 275 1675 326 Neon-

211 358 386 421 ticbos,
423 357 672 407 verissime
706 359 900 424 quidem
934 359 997 408 ad
1028 353 1334 424 posteriores·
1357 358 1475 407 duas
1490 395 1492 398 v
1506 357 1673 418 voces,

211 438 368 486 minus
413 444 574 486 tamen
614 444 747 488 recte
793 438 856 488 ad
898 436 1158 507 priorem(
1210 437 1278 490 V.
1315 440 1508 502 Bornos
1552 438 1679 487 euim

212 516 342 584 apud
383 518 563 566 nullum
605 521 889 585 scriptorem
933 527 1352 577 commemoratum
1393 519 1675 567 invenimus.
1732 516 1734 519 ’

211 595 356 647 Unde
414 597 701 647 Manuertus
757 597 1085 668 (Geoqraphic
1144 600 1232 648 der
1289 598 1525 649 Griecheu
1580 599 1691 647 und-

213 656 411 731 Il'bur.
448 678 721 741 ιαηαειωι,
744 681 917 728 1812.
947 682 1101 729 Bana
1121 679 1249 729 VII.
1275 678 1497 746 p.185)
1528 679 1678 744 suspi-

215 753 380 819 catur,
418 773 534 819 csse:
560 776 590 807 a
623 757 852 809 Cornelio
886 777 986 809 non
1017 760 1210 809 Bomos
1241 758 1330 808 scd
1365 757 1529 828 Ganos
1563 758 1679 807 scri-

214 846 378 903 ptum,
437 836 569 904 quod
604 846 708 887 erat
741 839 1018 907 oppidulum
1050 839 1180 888 baud
1212 838 1384 905 procul
1415 856 1443 887 a
1475 839 1678 906 Pactya,

216 920 267 967 in
302 936 389 967 ora
422 918 757 984 Propontidis.
840 920 911 969 Ut
942 937 1058 970 vero
1104 918 1221 967 illud
1260 918 1521 968 Mamerto
1568 937 1681 968 con-

217 998 449 1047 donemus
463 1032 480 1061 ,
543 1000 674 1066 quod
717 1001 857 1048 nimis
900 1018 926 1047 a
963 999 1181 1059 codicum
1227 987 1439 1046 lectione⁴
1478 998 1680 1060 recedit,

218 1080 268 1127 in
304 1097 362 1127 co
397 1086 560 1127 tamen
592 1078 782 1128 videtur
826 1098 1086 1145 peccasse,
1147 1075 1306 1144 quod,
1368 1095 1514 1143 quum
1557 1077 1683 1125 illius

216 1159 403 1208 castelli
443 1159 675 1206 memoria
708 1158 849 1224 plane
886 1159 1150 1221 interierit,
1210 1174 1385 1206 nomen
1418 1156 1517 1206 hoc·
1546 1158 1683 1225 igno-

217 1246 319 1289 tum
354 1245 463 1289 cum
496 1237 649 1288 nobili
683 1239 963 1288 commutari
997 1237 1146 1288 iubet.
1218 1238 1332 1288 Non
1359 1240 1485 1288 enim
1515 1240 1686 1287 mirum
1718 1269 1723 1275 ·

217 1318 376 1380 esset,
425 1320 498 1382 si,
552 1325 607 1367 ut
640 1325 712 1367 tot
745 1319 945 1367 aliorum
960 1352 976 1381 ,
1028 1319 1096 1366 ita
1138 1318 1279 1368 buius
1325 1319 1468 1368 etiam
1503 1317 1687 1366 castelli

217 1400 448 1448 memoria
475 1406 744 1464 temporum
773 1400 944 1447 iniuria
976 1399 1216 1463 periisset.
1289 1401 1478 1448 Tamen
1507 1397 1686 1463 aliquid

216 1478 334 1527 latet
379 1479 429 1527 in
469 1498 517 1527 v.
556 1479 749 1528 Bornos
763 1512 779 1541 ,
825 1496 920 1545 quo
957 1485 1229 1543 suspectum
1263 1479 1402 1529 nobis
1437 1477 1681 1526 reddatur.

217 1557 396 1608 Omnia
431 1560 587 1622 enim,
640 1577 763 1627 quae
799 1558 879 1607 hic
920 1557 1172 1625 leg-untur,
1229 1566 1277 1613 et
1323 1558 1605 1625 oppidorum
1640 1564 1688 1607 et

218 1639 436 1688 locorum
471 1642 664 1696 nomina
691 1640 853 1689 Graea
889 1645 998 1687 sunt
1031 1646 1081 1689 ct
1110 1638 1288 1688 debcnt
1321 1657 1446 1702 esse,
1486 1645 1686 1687 certam-

220 1738 314 1787 quc
361 1720 610 1788 quodlibet
654 1720 801 1771 habet
846 1720 1262 1788 significationem.
1341 1720 1541 1787 Pactyaj
1562 1720 1688 1768 enim

220 1801 394 1849 dicitur
438 1819 467 1850 a
513 1799 706 1852 πακτόω
751 1803 830 1850 die
875 1802 1034 1851 Festo.
1119 1800 1418 1848 Neontichos
1465 1805 1539 1848 est
1581 1804 1688 1849 νέον

219 1889 381 1944 τεῖχος.
470 1880 703 1930 Bisanthe
757 1882 998 1948 significat
1050 1881 1142 1949 flos
1192 1880 1470 1929 Bistonum.-
1544 1882 1690 1945 stirps

221 1961 347 2015 enim
376 1961 788 2014 Bis—cohaeret
816 1979 924 2010 cum
946 1960 1172 2009 Threciis
1201 1960 1470 2009 nominibus
1499 1963 1701 2012 Βίστων,

221 2048 363 2105 atquc
407 2043 590 2091 Βίσων.
672 2039 827 2107 Atqui
877 2041 1031 2088 solum
1076 2040 1194 2088 illud
1239 2041 1432 2088 Bornos
1476 2058 1572 2087 vox
1617 2037 1723 2088 est'

222 2119 376 2168 nihili.
452 2120 616 2182 Quare
648 2121 912 2187 probabilis
946 2120 1134 2170 videtur
1165 2106 1466 2183 coniectura,
1498 2121 1540 2169 si
1574 2121 1690 2169 scri-

221 2200 378 2249 bimus
425 2202 623 2251 Bisoros
665 2203 701 2249 i.
748 2220 794 2250 e.
842 2201 978 2259 collis
1018 2201 1299 2263 Bistonum,
1362 2218 1458 2267 quo
1499 2201 1690 2248 nomine

223 2281 451 2347 oppidum
482 2282 677 2348 aliquod
708 2283 949 2332 Thraciae
977 2281 1056 2332 vel
1086 2282 1244 2331 locum
1272 2281 1560 2347 appellatum
1586 2299 1701 2341 essc-

223 2363 469 2424 sumimus.
542 2364 601 2410 In
632 2363 772 2414 editis
797 2380 912 2412 vero
947 2363 1067 2416 locis
1104 2361 1300 2412 castella
1330 2361 1693 2411 communienda

224 2450 378 2491 erant.
440 2442 668 2503 Ceterum
696 2445 755 2496 de
778 2445 1012 2493 Bisanthe
1036 2451 1083 2493 et
1102 2444 1372 2493 Neonticho
1395 2443 1534 2509 lege,
1571 2460 1703 2508 quae-

222 2523 345 2570 Bos.
371 2522 433 2570 ad
455 2523 508 2570 h.
538 2522 577 2571 l.
614 2531 662 2573 ct
696 2525 983 2574 Mannertus
1017 2523 1055 2571 l.
1093 2523 1130 2571 l.
1168 2541 1219 2589 p.
1260 2521 1372 2573 180
1409 2529 1458 2571 et
1493 2521 1599 2571 ’182
1635 2540 1696 2571 cx

224 2603 432 2669 antiquis
462 2604 777 2670 scriptoribus
806 2604 1076 2653 testimonia
1105 2609 1468 2671 congesserunt.
1526 2602 1696 2652 Omni-

223 2682 315 2731 bus
351 2685 493 2732 ctiam
529 2685 647 2732 illud
683 2685 1009 2746 confirmatur,
1049 2684 1243 2732 castella
1275 2683 1337 2731 ab
1361 2679 1615 2734 Alcibiade
1649 2685 1699 2731 in

225 2762 441 2812 Thracia
463 2766 752 2814 communita
773 2783 870 2814 non
901 2764 1072 2830 procul
1101 2764 1248 2812 fuisse
1271 2764 1331 2812 ab
1352 2764 1471 2814 urbe
1492 2765 1695 2831 Pactya.
