1816 3182
800 167 910 210 cAP.
940 150 970 207 ι’.
1577 160 1615 212 5

147 291 251 353 „ut
283 300 425 335 nemo
456 284 503 332 ei
531 282 733 332 dicendo
766 291 932 350 posset
960 284 1249 333 resistere.“
1319 280 1484 348 Atque
1517 282 1612 327 iam

153 366 318 415 nescio
365 382 427 413 an
470 377 570 412 non
617 365 770 429 aptius
816 366 970 430 possit
1012 364 1313 414 vocabulum·
1341 364 1615 413 coniectura

152 444 374 495 inveniri.
446 444 571 494 Nam
598 460 706 493 cum
736 444 918 494 civibus
951 446 1249 512 potissimum
1284 442 1475 493 dicendi
1510 458 1613 489 cer-

154 526 331 574 tamina
371 525 501 586 iniit,
562 542 670 573 cum
710 524 787 573 his
833 525 893 574 de
934 522 1180 591 republica
1222 520 1612 581 administranda,

156 605 216 665 de
257 604 397 654 bellis
435 604 513 654 vel
546 605 807 655 inferendis
841 606 920 655 vel
955 606 1297 672 componendis
1331 602 1612 698 disputavit3

156 684 365 737 Athenis
393 687 595 735 maxime
626 693 729 735 erat
757 686 993 736 theatrum
1022 689 1326 737 victoriarum
1353 686 1451 734 oris
1473 690 1615 749 atque
1707 723 1713 729 .

158 770 386 820 orationis
410 768 818 818 commendatione
840 761 1101 835 partarum.
1174 769 1245 817 Ut
1266 786 1413 817 unum
1443 784 1469 814 e
1496 762 1615 812 mul-

155 849 220 897 tis
253 847 501 898 exhibeam
514 883 531 912 ,
567 856 677 915 post
709 849 924 912 Niciam,
962 851 1045 915 qui
1075 842 1253 898 frustra
1288 845 1612 906 dissuadebat,

157 936 429 993 superatum
449 928 575 978 belh-
586 929 739 978 Siculi
760 937 928 978 auctor
951 931 1121 977 extitit.
1161 929 1244 978 Cf.
1268 926 1537 987 Thue.V1‚
1555 923 1613 972 8.

157 1008 301 1057 Hanc
325 1009 514 1058 dicendi
543 1008 816 1057 facultatem
837 1010 1198 1058 extimescentes
1228 1009 1433 1068 inimici,
1472 1020 1617 1072 quum

159 1095 346 1154 tempus
377 1087 623 1138 Alcibiadi
664 1090 863 1142 instaret
905 1090 955 1136 in
999 1090 1214 1153 Siciliam
1257 1082 1614 1154 proficiscendi,

160 1172 464 1236 praesentem
494 1167 696 1235 aggredi
729 1185 827 1215 non
860 1169 1008 1230 ausi,
1036 1176 1249 1234 tempus,
1289 1186 1384 1234 quo
1420 1168 1616 1228 exisset,

160 1250 493 1316 expectabant.
542 1248 626 1298 Cf.
661 1245 777 1297 Alc.
814 1248 909 1310 IV,
946 1247 1001 1297 2.
1079 1249 1161 1297 Ex
1205 1249 1371 1298 eadem
1415 1249 1618 1297 maxime

162 1330 341 1380 factum
375 1337 475 1393 est,
534 1335 587 1377 ut
619 1345 760 1377 nemo
807 1330 854 1377 ei
892 1347 981 1395 par
1025 1330 1076 1377 in
1110 1331 1295 1379 civitate
1335 1336 1614 1395 poneretur.

164 1409 480 1478 Cf.111‚-5.
552 1409 666 1457 Non
697 1410 869 1456 mirum
902 1411 1079 1475 igitur,
1128 1402 1259 1476 quod
1291 1410 1489 1475 Nepos,
1536 1410 1621 1459 ubi

83 1507 93 1521 ·
163 1492 418 1558 praecipue
453 1489 533 1538 ille
570 1487 773 1537 dicendo
807 1488 1028 1553 floreret,
1087 1488 1156 1537 ibi
1190 1490 1427 1538 neminem
1465 1492 1511 1539 ei
1543 1509 1620 1541 re-

165 1573 333 1620 sistere
377 1571 588 1635 potuisse
635 1567 991 1617 commemorat.
1072 1570 1262 1618 Eodem
1304 1570 1475 1632 modo,
1525 1589 1621 1636 quo

164 1650 243 1702 hic
288 1648 593 1700 Alcibiadem
642 1666 750 1697 cum
801 1649 902 1697 eius
947 1641 1130 1697 civibus
1182 1656 1363 1699 tantum
1378 1685 1394 1715 ,
1462 1648 1617 1701 Attio.

166 1733 318 1795 XIX,
353 1731 390 1780 5
426 1749 532 1779 cum
568 1730 749 1779 civibus
782 1720 1015 1780 Romanis
1048 1727 1321 1797 Aug-ustum
1357 1740 1620 1798 comparat,

167 1832 312 1880 quum
357 1812 510 1860 dicat:
573 1808 904 1871 „Conciliavit
947 1813 992 1860 ei
1038 1812 1255 1874 fortuna,
1309 1813 1439 1879 quod
1482 1831 1622 1862 nemo

167 1893 322 1941 adhuc
353 1894 469 1940 civis
495 1892 742 1938 Romanus
768 1892 919 1955 quivit
947 1893 1242 1957 consequi.“
1312 1894 1455 1941 Unde
1485 1894 1625 1941 simul
1690 1876 1697 1888 ’

169 1973 493 2039 cog-noscitur,
529 1971 908 2020 coniunctionem
929 1972 1058 2019 illam
1089 1971 1290 2020 duorum
1319 1973 1489 2021 horum
1514 1974 1624 2022 sub-

168 2053 478 2100 stantivorum
522 2068 655 2104 nemo
693 2057 748 2099 vet
790 2053 902 2099 civis
945 2070 1043 2099 non
1087 2053 1153 2099 ita
1198 2052 1399 2101 alienam
1446 2071 1552 2102 esse
1597 2072 1626 2101 a

171 2131 418 2183 Cornelio.
462 2159 530 2171 -
595 2131 711 2179 Jam
745 2150 889 2194 vero,
938 2130 1065 2180 unde
1098 2150 1177 2179 vv.
1216 2131 1344 2181 dives
1377 2141 1424 2182 et
1458 2136 1628 2184 deinde

170 2213 469 2277 irrepserint,
507 2212 579 2259 ita.
601 2210 718 2259 mihi
748 2211 1077 2276 explicandum
1108 2210 1313 2273 videtur,
1347 2220 1400 2261 ut
1425 2216 1629 2279 primum

172 2293 289 2342 civis
331 2293 429 2339 sive
473 2290 532 2338 de
578 2291 809 2338 industria
852 2292 951 2358 sive
995 2291 1165 2338 calami
1201 2309 1372 2352 ,errore
1417 2296 1467 2342 in
1503 2298 1631 2345 dives

138 2387 143 2392 “
172 2378 400 2423 mutatum
434 2381 539 2419 ess'e
573 2388 824 2435 ponamuS,
862 2388 1030 2419 vocem
1064 2373 1235 2422 deinde
1269 2381 1423 2423 autem
1458 2377 1535 2425 vel
1571 2396 1632 2426 ex

175 2453 471 2505 correctione
486 2483 502 2511 ,
555 2449 684 2514 quod
714 2451 842 2497 dives
876 2451 927 2496 in
960 2450 1054 2499 hoc
1090 2455 1428 2501 sententiarum
1463 2457 1630 2505 ordine

176 2532 475 2596 displiceret,
520 2530 597 2579 vel
631 2548 692 2577 ex
723 2526 1041 2594 praecedente
1077 2551 1124 2579 v.
1157 2534 1381 2596 dicendo,
1421 2537 1634 2601 quodin

153 2601 273 2660 'uno
320 2610 530 2659 alterove
583 2608 748 2657 codice
803 2609 1007 2658 fortasse
1053 2611 1104 2657 in
1147 2611 1242 2660 fine
1302 2616 1636 2665 enuntiationis

178 2691 464 2742 collocatum
499 2697 601 2741 erat
614 2720 631 2753 ,
679 2690 832 2739 ortam
867 2708 972 2739 esse
1007 2689 1286 2742 iudicemus.
