1816 3182
188 134 267 186 2⁴
758 131 896 175 rius
923 131 1100 176 mon.

719 357 996 421 cAPn'r
1064 339 1146 421 x.

306 487 311 526 Ῑ
332 484 585 551 vicisima]
638 484 847 536 Praeter
865 484 1017 536 Voss.
1041 483 1136 549 A„
1169 473 1252 552 qui
1275 490 1436 535 tamen
1461 486 1513 535 in
1537 502 1671 534 mar·¹

198 565 312 631 gine
343 565 505 614 babet
549 566 810 630 vicinitati,
882 565 994 616 cod.
1033 567 1175 616 ctiam
1209 566 1478 634 Bai-gensis
1512 566 1657 634 legit:

198 647 249 693 in
284 648 551 709 civitatem,
587 655 838 712 praeterea
871 649 943 696 sic
974 665 1214 713 pergens:
1261 649 1312 695 in
1340 664 1437 715 qua
1465 655 1570 697 crat
1594 673 1687 706 -,

198 726 469 790 introcunt3
538 728 705 794 quibus
737 728 902 775 danum
938 729 1199 792 neptium,
1260 734 1315 775 ut
1346 745 1452 776 eam
1485 727 1663 794 interfi-

199 807 346 855 ciant.
429 807 489 854 In
538 805 713 872 quibus
760 806 840 855 vel
889 807 1017 868 coni.
1064 824 1224 871 praes.
1269 808 1524 856 offensioni
1568 815 1659 856 est.

202 884 308 933 Sed
322 872 333 877 f
353 886 564 934 omnino·
593 887 758 935 emim
801 903 901 934 non
941 885 1190 935 ferendum
1236 894 1340 949 est,
1408 893 1661 952 propterea

198 964 332 1034 quod
343 999 360 1027 ,
427 966 715 1031 comparatis
759 965 865 1014 aliis
908 966 1078 1015 barum
1122 985 1282 1016 rerum
1328 966 1660 1031 scriptoribus,

196 1063 297 1094 non
341 1046 391 1094 in
439 1047 630 1095 civitate
672 1046 709 1094 i.
748 1063 795 1095 e.
833 1048 883 1095 in
926 1046 1079 1109 urbe,
1131 1046 1217 1096 sed
1251 1048 1302 1095 in
1333 1047 1473 1109 vico,
1528 1044 1664 1119 κώμῃ

200 1125 360 1193 (Plut.
389 1124 509 1174 Ale.
541 1126 798 1173 XXXIX.
843 1126 995 1174 Diod.
1041 1127 1147 1175 Sie.
1182 1128 1306 1188 XII,
1340 1125 1432 1193 ⁷4)
1461 1127 1665 1183 flammis

199 1205 355 1254 datm-i
388 1206 581 1255 domum
601 1202 872 1254 Alcibiadis
907 1205 1175 1254 cinxerunt.
1247 1205 1485 1255 Omnibus
1519 1206 1667 1273 igitur

198 1285 339 1334 buius
372 1286 612 1348 lectionis,
649 1293 703 1334 ut
735 1287 802 1334 ita
836 1286 1012 1348 dicam,
1048 1287 1249 1335 resectis
1275 1286 1562 1346 stolonibus,
1593 1286 1664 1333 sic

198 1365 460 1416 secundum
502 1365 647 1417 codd.
686 1365 747 1416 de
788 1366 995 1416 lectione
1038 1374 1323 1417 conventum
1365 1374 1466 1416 est:
1524 1366 1670 1416 Missi

200 1446 325 1494 clam
359 1448 621 1509 vicinitati,
682 1447 732 1495 in
773 1463 869 1514 qua
911 1454 1009 1495 tum
1051 1455 1157 1496 crat
1186 1446 1490 1508 Alcibiades,
1546 1448 1666 1494 dant

199 1529 435 1593 neqotium
446 1562 465 1589 ,
501 1535 557 1576 ut
580 1545 687 1576 cum
720 1526 1021 1593 interficiant.
1096 1527 1316 1589 Quorum
1349 1529 1400 1575 in
1432 1528 1664 1591 interpre-

199 1606 380 1657 tatione
419 1606 677 1658 verborum
719 1623 779 1656 eo
827 1605 1020 1656 Staver.
1066 1607 1217 1656 falsus
1262 1614 1362 1671 est,
1417 1604 1548 1674 quod
1581 1624 1660 1654 vv.

200 1690 330 1735 mio-ei
362 1689 487 1737 clam
521 1688 792 1750 coniunxit,
828 1696 1001 1753 putans
1030 1690 1089 1736 iis
1123 1688 1262 1737 reddi
1292 1688 1482 1753 Ephori
1517 1685 1664 1754 (apud

200 1766 353 1817 Diod.
394 1767 499 1818 Sic.
527 1768 652 1831 XII,
691 1766 783 1836 ’74)
817 1787 867 1816 v.
905 1771 1259 1819 ἐπαποστεῒλαι.
1326 1769 1452 1817 Nam
1488 1766 1547 1816 de
1583 1783 1662 1828 eo,

201 1848 333 1914 quod
366 1851 500 1897 missi
534 1856 699 1911 erant,
748 1850 843 1897 iam
877 1851 992 1897 satis
1025 1849 1205 1915 liquet,
1253 1854 1308 1897 ut
1323 1862 1325 1864 ’
1339 1850 1420 1896 vix
1454 1847 1515 1895 ad
1549 1845 1667 1894 illud

198 1928 408 1978 rediisse,
435 1929 671 1994 putandus
706 1929 786 1991 sit,
823 1930 1090 1979 accuratius
1124 1929 1317 1978 modum
1352 1936 1401 1978 et
1433 1929 1666 1977 rationem

200 2003 450 2057 definiens.
534 2009 662 2057 Illud
696 2017 852 2058 autem
893 2006 1192 2075 potissimum
1227 2027 1375 2071 cave,
1432 2027 1493 2057 ne
1529 2010 1579 2056 in
1612 2026 1663 2056 v.

198 2092 540 2141 ἐπαποστεῒλαι
607 2091 951 2155 praepositioni
1003 2091 1400 2157 significationem
1452 2088 1668 2139 adverbii

199 2170 324 2218 clam
357 2171 515 2218 inesse
549 2178 709 2235 putes,
732 2179 739 2196 ”
747 2188 893 2236 quum
926 2174 1267 2221 ἐπαποστεῖλαι
1301 2170 1563 2237 significet:
1600 2170 1668 2216 ita

199 2250 387 2298 mittere
434 2250 668 2316 aliquem,
726 2257 780 2298 ut
812 2250 956 2298 alium
991 2256 1243 2316 sequatur,
1300 2250 1419 2299 alius
1465 2249 1667 2315 vestigia

199 2338 403 2395 premat.
457 2330 594 2380 Clam
615 2331 825 2396 pertinet
845 2330 907 2379 ad
928 2350 1008 2379 vv.
1035 2333 1153 2380 dant
1174 2333 1427 2399 neqoiium.
1459 2337 1542 2368 --'
1586 2329 1666 2378 De

199 2411 558 2478 interpretando
603 2430 652 2460 v.
703 2413 936 2461 vicinitati
980 2430 1079 2461 nou
1125 2410 1391 2477 adstipulor
1436 2411 1522 2473 iis,
1584 2410 1667 2477 qui

181 2499 409 2551 *statuunt
437 2511 528 2557 pro
557 2494 685 2554 vico,
723 2494 895 2541 incolis
916 2496 1010 2541 vici
1032 2493 1081 2541 id
1104 2493 1283 2540 dictum
1311 2509 1436 2539 esse.
1508 2492 1667 2539 Huius

199 2590 311 2622 usus
359 2575 485 2622 enim
542 2573 785 2622 nulladum
841 2573 1060 2640 exempla
1114 2574 1306 2620 inventa
1352 2578 1487 2635 sunt3
1558 2571 1669 2620 illos

199 2651 424 2718 videlicet
457 2655 647 2701 vicanos
682 2654 874 2716 dicunt,
927 2672 1025 2703 non
1059 2654 1262 2701 vicinos.
1348 2652 1523 2701 Servat
1554 2649 1681 2718 pro?

199 2733 356 2798 priam
393 2734 791 2800 significationem
825 2733 1193 2800 propinquitatis
1207 2766 1223 2795 ,
1282 2733 1348 2781 ita
1381 2739 1567 2797 tamen,
1615 2742 1670 2783 ut
