1816 3182
225 168 304 218 60
499 133 500 136 ¹
712 167 847 207 PARS
877 166 1197 208 Posmmon.

718 338 999 400 CAPUT
1072 341 1184 399 lv.

430 450 582 485 ANNUS
612 450 875 486 ALCIBIADIS
904 452 1100 486 NATALIS
1130 450 1289 495 ATQUB
1315 449 1475 486 AETAS.

360 542 663 612 Quamquam
698 564 825 609 eum,
858 547 941 613 qui
967 543 1237 595 Alcibiadis
1271 552 1473 594 aetatem
1508 538 1684 589 arctius

221 623 385 687 paullo
421 625 619 674 definire
642 626 877 689 voluerit,
917 628 1177 692 scriptores
1205 643 1366 675 rerum
1390 623 1685 673 Graecarum

221 721 321 752 non
362 706 557 754 omnino
604 705 855 768 deficiunt,
904 714 1064 755 tamen
1106 706 1174 754 ita
1214 711 1396 753 tantum
1441 701 1690 761 adiuvant,

164 849 169 853 ι
221 789 407 833 utnon
439 785 611 849 liceat,
659 786 752 834 nisi
786 803 874 852 per
905 785 1105 854 long-um
1138 776 1600 854 argumentationum
1635 782 1685 827 et

221 866 603 914 coniecturarum
644 867 737 915 iter
750 900 767 929 ,
823 861 1043 916 omnibus
1078 884 1201 934 quae
1235 865 1297 915 ad
1330 871 1534 914 aetatem
1568 858 1683 908 defi-

218 944 444 994 niendam
476 946 637 995 facere
672 953 875 1012 possunt
906 947 1051 996 rebus
1085 947 1211 997 bene
1244 945 1496 1012 perpensis
1527 940 1684 991 vario-

220 1043 315 1091 que
348 1025 493 1074 modo
524 1027 649 1075 inter
684 1044 736 1074 se
773 1029 1078 1092 comparatis,
1112 1026 1244 1094 quod
1278 1027 1436 1091 cupiat
1472 1019 1680 1086 assequi·

221 1106 337 1155 Duo
396 1105 615 1171 inprimis
668 1113 778 1154 sunt
832 1106 929 1156 loci
986 1107 1114 1173 apud
1163 1115 1351 1157 veteres
1403 1104 1683 1168 scriptores,

222 1185 397 1251 quibus
442 1186 558 1234 freti
592 1185 911 1234 difficillimam
951 1188 1083 1235 illam
1117 1189 1443 1254 quaestionem
1484 1178 1688 1250 agg-redi

218 1282 364 1329 posse
406 1264 549 1313 nobis
583 1265 848 1315 videamur.
933 1267 1153 1328 Quorum
1195 1267 1316 1315 alter
1361 1271 1516 1314 exstat
1559 1259 1686 1326 apud

219 1345 372 1393 Diod.
413 1345 518 1394 Sic.
555 1346 710 1408 XIV,
749 1344 843 1409 11,
891 1346 1001 1410 ubi,
1039 1365 1184 1414 quum
1218 1346 1351 1395 urbis
1384 1342 1687 1393 Athenarum

218 1426 622 1491 expugnationem
675 1434 725 1475 et
778 1445 858 1476 res
909 1428 1117 1492 primum
1159 1446 1188 1475 a
1230 1428 1427 1494 triginta
1470 1423 1685 1491 tyrannis

219 1512 382 1571 gestas
416 1508 711 1572 exposuerit,
748 1506 825 1555 his
852 1507 1013 1556 verbis
1042 1525 1277 1575 pergens:
1314 1508 1687 1574 »πραττομένων
1725 1530 1732 1539 ¹-

219 1586 274 1637 δὲ
305 1584 522 1637 τούτων“
554 1595 759 1636 mortem
791 1586 1062 1637 Alcibiadis
1091 1595 1278 1636 narrat:
1334 1583 1462 1635 unde
1499 1586 1685 1652 colligi-

163 1704 165 1706 *
217 1674 322 1728 tur,
362 1669 404 1714 si
433 1667 552 1715 illud
585 1668 856 1731 addideris,
900 1672 949 1717 in
983 1687 1146 1735 pugna
1183 1668 1245 1716 ad
1277 1666 1448 1734 Aegos
1481 1666 1687 1715 Flumen

221 1748 477 1794 commissa
519 1748 677 1797 adhuc
710 1751 887 1797 vixisse
921 1748 1228 1798 Alcibiadem
1255 1746 1334 1816 ¹),
1394 1765 1493 1795 non
1536 1745 1685 1793 multo

217 1834 332 1893 post
345 1824 568 1877 Athenas
594 1837 890 1897 expugnatas
916 1828 1023 1898 (01.
1050 1831 1240 1878 circiter
1261 1828 1454 1890 XCIV,
1479 1826 1533 1895 ᾗ)
1559 1827 1685 1875 diem

216 1926 327 1957 eum
355 1927 649 1974 supremum
707 1910 902 1960 obiisse.
990 1911 1162 1978 Neque
1217 1909 1500 1958 dissentiunt
1547 1907 1685 1957 Plut-

217 1990 391 2039 archus
429 1998 477 2039 et
509 1991 703 2056 Nepos,
743 2010 804 2042 ex
837 1992 1010 2059 quibus
1043 1992 1353 2058 intelligimus
1387 1991 1544 2037 statim
1576 1996 1689 2053 post

215 2070 348 2118 illam
381 2071 631 2119 victoriam
678 2071 740 2120 ad
773 2070 947 2139 Aegos
988 2071 1194 2120 Flumen
1229 2088 1258 2118 a
1290 2067 1692 2118 Lacedaemoniis

216 2158 511 2216 reportatam
541 2153 634 2200 iter
664 2151 725 2199 ad
754 2169 922 2219 regem
951 2152 1214 2200 Persarum
1243 2148 1548 2199 Alcibiadem
1583 2167 1686 2198 sus-

217 2233 434 2296 cepisse,
496 2250 593 2298 quo
639 2232 852 2281 nondum
894 2233 1119 2282 confecto
1167 2232 1355 2280 occisus
1398 2238 1488 2280 est.
1569 2230 1687 2278 Jam

214 2328 332 2360 vero
356 2311 507 2361 altero
530 2313 640 2362 loco
666 2314 862 2377 collato,
902 2315 985 2381 qui
1020 2319 1094 2362 est
1126 2312 1254 2378 apud
1285 2313 1440 2378 ipsum
1472 2317 1688 2359 nostrum

215 2392 498 2442 Cornelium
543 2391 680 2462 (Ale.
733 2413 778 2444 c.
817 2393 922 2462 X),
986 2393 1071 2441 ubi
1126 2393 1442 2460 quadraginta
1496 2393 1688 2441 circiter

217 2491 369 2523 annos
402 2481 542 2523 natus
577 2482 793 2525 mortuus
830 2493 935 2524 esse
972 2475 1175 2538 dicitur,
1226 2494 1373 2542 quum
1406 2472 1517 2521 inde
1553 2471 1687 2521 colli-

220 2555 431 2622 gendum
479 2557 570 2618 sit,
638 2562 801 2604 natum
848 2556 955 2605 eSse
999 2553 1306 2604 Alcibiadem
1363 2553 1449 2603 ol.
1499 2553 1690 2601 circiter

218 2636 522 2700 LXXXIV,
555 2640 616 2701 {2
665 2644 853 2699 tamen,
891 2638 934 2685 si
962 2636 1090 2685 hunc
1124 2654 1214 2703 pro
1250 2652 1376 2683 anno
1407 2635 1509 2684 eius
1543 2633 1689 2682 natali

220 2793 258 2837 l)
282 2794 340 2827 Cf.
362 2795 505 2828 Coruel.
529 2795 711 2829 Plutarch.
735 2796 884 2829 Diodor.
912 2796 1075 2841 Xenoph.
1100 2796 1272 2839 aliusque.
