1816 3182
186 126 311 181 102,
672 133 809 175 PARS
838 134 1158 179 POSTEMOR.

322 246 472 310 Quod
494 266 611 299 vero
641 250 902 301 avunculus
930 254 1020 302 iste
1045 254 1173 320 apud
1196 254 1508 305 Plutarchum
1531 261 1652 307 Μα-

183 332 343 389 γαῖος,
393 328 531 394 apud
556 329 835 381 Cornelium
869 332 1030 382 audiat
1060 334 1317 403 Baqaeus5
1345 334 1422 384 .de
1464 335 1555 399 hae
1597 353 1654 384 re

183 407 262 455 sic·
279 409 528 458 sentimus.
584 410 827 473 Quoniam
847 413 897 461 in
918 416 1188 482 peregrinis
1214 415 1488 468 nominibus
1508 433 1654 481 saepe

183 490 394 539 variatur
432 492 560 540 inter
602 491 783 548 similes
826 492 1037 558 litteras,
1102 503 1156 545 ut
1198 495 1251 545 h.
1300 496 1336 545 l.
1387 496 1448 547 Μ
1494 503 1543 546 et
1581 497 1649 558 B,

183 571 384 637 egregie
416 589 583 621 eorum
616 572 931 639 interpretum
964 577 1088 625 ratio
1123 575 1369 642 displicet,
1415 577 1498 642 qui
1527 575 1651 626 Cor-

180 649 360 699 nelium
406 650 469 699 ad
512 652 769 702 Plutarchi
815 661 896 703 aut
938 654 1067 704 huuc
1110 656 1173 704 ad
1212 656 1339 704 illius
1383 656 1651 723 exemplum
1679 702 1684 708 .

179 730 571 781 emendaverunt.
652 732 806 782 Suum
839 733 932 782 sibi
967 737 1169 802 quisque
1203 735 1409 798 habeat,
1464 736 1660 802 Corne--

163 808 272 859 lius
306 811 563 879 Bagaeus,
620 807 912 864 Plutarchus
945 809 1199 880 Μαγαῖσς.
1285 815 1514 865 Fortasse
1558 816 1651 881 ipsi

134 944 136 946 ,
179 888 359 941 Graeci
392 894 444 940 in
477 893 735 943 scribendo
770 894 865 944 hoc
904 896 1096 944 nomine
1142 913 1241 944 non
1286 896 1379 944 sibi
1420 897 1645 944 constite-

87 991 92 997 ·
178 979 322 1036 runt,
380 991 409 1022 a
443 973 617 1040 quihus
659 975 853 1026 easdem
896 976 1083 1025 litteras
1113 976 1164 1023 in
1198 975 1304 1023 aliis
1337 974 1498 1036 verbis
1533 992 1646 1023 con-

179 1053 313 1102 filsas
348 1060 398 1103 et
431 1061 744 1103 commutatas
780 1073 886 1105 esse
923 1056 1099 1104 scimus
1112 1088 1129 1117 ,
1176 1062 1230 1103 ut
1261 1054 1480 1124 μεμβρὰς.
1513 1052 1661 1124 (Ari-

178 1133 342 1199 stoph.
381 1133 534 1200 Vesp.
572 1153 622 1182 v.
660 1133 824 1202 495),
883 1134 1015 1201 quod
1058 1135 1139 1183 alii
1178 1135 1393 1202 βεμβρὰς
1425 1135 1649 1187 dicebant

179 1221 229 1264 ct
271 1212 469 1286 βροτὸς,
527 1212 677 1264 Aeol.
727 1213 916 1284 μορτός.
1007 1214 1113 1264 Nos
1159 1214 1352 1281 quidem
1405 1217 1648 1278 neutrum,

177 1290 335 1360 neque
370 1286 651 1344 Cornelium
665 1327 681 1356 ‚
718 1294 879 1359 neque
910 1293 1224 1343 Plutarchum
1239 1327 1255 1356 ‚
1293 1302 1346 1342 ut
1379 1313 1477 1343 non
1502 1313 1647 1344 -acce-

173 1369 329 1441 perit,
388 1374 455 1423 ita
496 1392 594 1424 non
636 1373 905 1424 reddidisse
938 1392 1105 1424 verum
1149 1392 1325 1424 nomen
1365 1393 1645 1441 persuasum

174 1454 408 1503 habemus
421 1487 438 1516 ,
492 1471 640 1521 quum
672 1455 873 1503 mirifice
908 1454 1117 1503 barbara
1149 1457 1339 1513 nomina
1357 1490 1360 1497 1
1379 1473 1405 1502 a
1442 1455 1647 1503 Graecis

175 1536 422 1600 corrumpi
465 1534 706 1597 solerent,
771 1540 929 1601 neque
974 1535 1171 1584 multum
1217 1536 1409 1584 Persici
1454 1537 1504 1584 in
1549 1535 1645 1585 hoc

173 1616 387 1678 nomine,
423 1622 477 1664 ut
510 1634 638 1665 nunc
672 1622 765 1678 est,
804 1610 1040 1681 reliquum
1075 1633 1181 1665 esse
1210 1615 1445 1665 videatur.
1520 1616 1644 1681 Spe-

174 1691 305 1745 ciose
344 1691 545 1756 *Rosius*
575 1696 797 1763 Baqoam
844 1696 1065 1758 coniicit,
1126 1684 1257 1762 quod
1301 1715 1478 1745 nomen
1519 1697 1644 1744 inter

172 1778 354 1826 Persas
398 1777 623 1827 usitatum
675 1777 825 1826 fuisse
840 1810 856 1840 ‚
933 1776 1093 1824 multis
1139 1776 1372 1841 exemplis
1416 1775 1639 1832 firmavit.

171 1857 382 1907 Codices
414 1864 575 1905 tamen
615 1856 843 1922 religiose
889 1856 1122 1925 sequendi
1167 1864 1310 1923 atque
1356 1857 1486 1904 omni
1529 1873 1643 1904 cura

172 1936 435 1986 cavendum
450 1969 466 1998 ‚
517 1955 578 2006 ne
592 1969 608 1998 ,
646 1936 730 1983 ubi
765 1939 999 1985 erraverit
1028 1938 1265 2001 scriptor,
1316 1937 1418 1984 eius
1452 1952 1642 1983 errores

171 2010 487 2079 emendaturi,
524 2023 689 2065 nostra
722 2034 832 2065 eum
863 2012 1127 2107 eruditione
1162 2016 1428 2065 imbuamus
1464 2014 1639 2076 dicam,

170 2116 239 2146 an
266 2098 505 2146 vitiemus.

309 2178 432 2241 „Illi
467 2198 635 2245 quum
648 2179 781 2227 ferro
816 2176 1019 2246 aggredi
1053 2195 1151 2226 nou
1186 2176 1446 2239 auderent,
1496 2182 1643 2224 noctu

171 2260 306 2327 ligna
341 2259 643 2309 contulerunt
678 2260 808 2308 cirea
844 2276 1003 2307 casam
1040 2275 1176 2319 eam,
1214 2259 1265 2305 in
1298 2274 1392 2323 qua
1426 2256 1641 2322 quiesce4.

171 2340 282 2402 bat,
336 2336 536 2406 eamque
571 2340 921 2389 succenderunt
934 2372 950 2399 ‚
986 2345 1039 2386 ut
1074 2336 1301 2385 incendio
1327 2336 1639 2398 conficerent,

171 2438 315 2487 quem
350 2438 495 2469 manu
529 2421 746 2485 superari
777 2437 921 2485 posse
951 2416 1246 2466 diffidebant.
1307 2417 1408 2466 Ille
1437 2418 1638 2464 'autem“

170 2507 286 2549 cett.
339 2500 424 2551 Cf.
459 2501 612 2549 Diod.
645 2500 750 2550 Sic.
783 2500 819 2548 l.
855 2500 891 2548 1.
943 2496 1071 2559 Τοὺς
1097 2500 1149 2549 δὲ
1174 2496 1343 2559 νυκτὸς
1369 2500 1640 2562 περιθεῖναι

170 2579 319 2641 ξύλων
351 2584 568 2650 πλῆθος·
629 2579 937 2649 ἀναφθέντος
979 2571 1066 2629 οὖν
1106 2580 1287 2630 πολλοῦ
1327 2575 1501 2644 πυρὸς,
1557 2575 1640 2627 τὸν

165 2662 472 2731 Αλκιβιάδην
512 2664 809 2729 ἐπιχειρῆσαι
849 2664 939 2728 μὲν,
970 2657 1276 2726 ἀμύνεσθαι,
1333 2655 1645 2725 κρατηθέντα

172 2746 225 2793 δὲ·
263 2741 361 2794 ὑπὸ
406 2745 493 2794 τοῦ
535 2742 688 2810 πυρὸς
734 2744 816 2793 καὶ
861 2743 954 2791 τῶν
999 2745 1083 2801 εἰς
1115 2739 1263 2792 αὐτὸν
1308 2735 1640 2799 ἀκοντιζόντων
