1816 3182
206 181 286 232 32,
706 180 841 221 PARS
869 181 1189 224 rosmmon.

209 298 296 347 des
330 299 455 346 intra
488 296 694 362 spatium
726 298 988 361 temporis,
1038 296 1173 363 quod
1203 304 1306 347 crat
1338 297 1400 346 ab
1433 295 1521 347 01.
1557 296 1672 346 hade

207 377 487 441 LXXXII,
516 380 552 443 ξ-
582 392 736 443 usquc
771 376 834 425 ad
868 376 955 426 01.
980 376 1283 441 LXXXIII,
1320 376 1379 441 5,
1414 383 1554 426 natus
1584 378 1666 441 sit,

207 459 400 506 disertis
435 460 729 524 argumentis
764 457 1144 506 demonstretur:
1204 458 1317 507 inde
1351 460 1486 524 sequi
1518 463 1670 523 putat,

204 536 542 602 Alcibiadem,
591 544 646 586 ut
677 538 775 586 iam
807 535 1090 589 Dodweflus
1121 535 1320 602 viderit,
1366 546 1530 588 natum
1562 555 1668 587 esse

205 620 361 668 videri
395 618 482 668 01.
519 618 798 681 LXXXII,
840 616 895 666 2.
978 618 1174 667 Utinam
1208 626 1516 686 argmenta,
1564 619 1668 685 qui-

205 699 297 748 bus
342 699 468 747 hanc
498 691 797 747 *sententiam
840 698 1083 762 firmaret,
1143 699 1402 749 attulisset,
1479 699 1672 762 Quibus

204 797 305 828 non
337 780 453 828 satis
496 777 649 825 firmis
695 795 803 826 cum
843 795 983 825 usum
1017 794 1154 841 esse,
1214 795 1320 827 eam
1365 778 1432 828 ol)
1478 796 1672 828 causam

205 857 543 925 suspicandum
579 865 670 921 est,
715 856 866 924 quod,
902 875 1187 925 quamquam
1218 876 1323 907 rem
1356 866 1538 907 tantum
1570 875 1670 907 non

205 958 296 988 acu
339 938 499 1004 tetigit
512 971 529 1000 ,
598 938 950 988 inconsiderate
996 946 1045 988 et
1094 943 1288 1005 *praeter
1334 941 1677 988 necessitatem-

205 1019 487 1069 Cornclium
536 1036 634 1067 una
689 1037 797 1068 cum
842 1020 1043 1069 Dukero
1100 1026 1289 1069 secutus
1344 1026 1435 1068 est.
1526 1020 1667 1068 Haec

205 1102 334 1148 enim
368 1099 428 1148 de
463 1098 548 1146 illo
582 1099 693 1147 loco
728 1099 1028 1165 Thucydidis
1063 1092 1152 1167 (V,
1185 1098 1282 1168 45)
1328 1100 1528 1148 Baehrii
1560 1105 1673 1146 sunt

202 1178 383 1229 verba:
434 1177 642 1240 „Quum
676 1196 761 1240 ea,
802 1196 924 1244 quae
958 1179 1027 1227 ibi
1059 1187 1338 1243 narrentur,
1385 1174 1670 1244 observante

202 1259 428 1319 Dukero,
460 1258 512 1305 in
540 1257 626 1306 01.
653 1257 940 1312 LXXXIX
964 1277 1138 1307 annum
1158 1268 1378 1327 quartum
1407 1267 1669 1309 extremum

203 1339 442 1399 incidant,
478 1334 845 1405 Alcibiadisque
874 1356 1007 1390 mors
1034 1340 1088 1388 ἰιι
1105 1340 1521 1408 quadragesimum
1542 1341 1668 1387 vitae

202 1437 378 1467 annum
428 1416 515 1466 01.
553 1408 732 1487 Χῦῖὲνῑ,
779 1410 852 1482 4,
893 1421 1109 1485 sequitur
1146 1419 1285 1482 inde,
1339 1417 1663 1481 Alcibiadem,

202 1500 288 1566 qui
319 1503 469 1546 natus
496 1498 642 1548 fuerit
677 1499 763 1548 01.
801 1499 1080 1562 LXXXII,
1117 1497 1182 1562 2,
1218 1506 1359 1562 tunc,
1397 1516 1548 1565 quum
1576 1495 1667 1546 ista

200 1595 348 1645 agere
382 1579 711 1643 incoeptaret,
771 1580 854 1628 vix
886 1582 1182 1634 tricesimum
1212 1581 1337 1629 vitae
1373 1596 1546 1627 annum
1579 1596 1667 1626 ms-

199 1659 485 1724 plwisseffl-
545 1658 712 1723 Multo
740 1660 911 1710 melius
945 1662 1168 1724 fecisset,
1226 1661 1268 1709 si
1302 1658 1518 1709 Cornelii
1549 1655 1671 1707 illud}

199 1740 524 1791 testimonium
559 1741 757 1789 omnino
789 1743 1053 1805 omisisset,
1113 1760 1259 1809 quum
1302 1747 1485 1790 tantum
1518 1738 1664 1802 absit,

200 1828 255 1868 ut
290 1822 393 1868 eius
426 1823 827 1884 argumentationi
862 1823 1050 1884 faveat,
1106 1830 1159 1869 ut
1193 1822 1481 1870 contrarium
1515 1837 1670 1884 paene

200 1900 447 1951 continere
481 1898 716 1949 videatur.
800 1897 952 1951 Aliud
997 1902 1125 1951 enim
1171 1901 1365 1950 omnino
1401 1906 1474 1949 est
1505 1900 1666 1949 vivere

199 1982 263 2029 ab
297 1980 384 2028 01.
421 1972 711 2043 LXXXII,
739 1978 777 2028 2
810 1998 963 2047 usquc
997 1980 1059 2029 ad
1092 1978 1178 2029 01.
1216 1979 1432 2042 XCIV,
1447 1977 1500 2041 1,
1538 1977 1668 2028 aliud

199 2060 574 2128 quadragesimo
602 2062 729 2110 vitae
764 2079 890 2110 anno
925 2068 1134 2110 mortem
1165 2067 1412 2125 oppetere.
1485 2058 1633 2109 Sed
1616 2078 1667 2107 m

198 2142 505 2213 annotatione
529 2139 769 2189 Baehrius
790 2142 912 2193 haec
936 2141 1124 2189 adiicit:
1163 2139 1312 2201 Quod
1340 2145 1667 2201 narret,eum

199 2240 392 2271 caesum
427 2222 575 2269 fuisse
610 2238 769 2268 annos
798 2222 991 2275 circiter
1025 2219 1342 2286 quadraginta
1374 2226 1537 2267 natum
1551 2253 1567 2281 ,
1615 2221 1666 2267 in

197 2302 274 2350 his
298 2300 580 2351 Cornelium
612 2318 812 2349 numero
847 2299 1061 2350 rotundo
1084 2317 1136 2348 se
1168 2298 1538 2348 accommodare
1566 2317 1666 2348 ma-

195 2382 363 2444 luisse,
401 2380 453 2428 id
487 2380 619 2447 quod
652 2397 713 2428 ex
744 2381 931 2430 adiecto
965 2400 1015 2430 v.
1052 2382 1239 2430 circiter
1271 2381 1386 2429 satis
1417 2380 1662 2445 appareat.

196 2462 381 2513 Verum
416 2462 543 2510 enim
578 2478 695 2509 vero
732 2463 976 2527 quaeritur
989 2494 1006 2524 ,
1067 2479 1181 2511 num
1225 2459 1325 2508 ullo
1369 2459 1514 2509 modo
1559 2460 1665 2509 fieri

195 2543 380 2607 possit,
449 2548 533 2604 ut,
592 2543 635 2590 si
669 2543 777 2608 quis
811 2541 1316 2608 duodequinquaginta
1350 2539 1429 2590 vel
1462 2539 1664 2606 quadra-2

196 2623 330 2690 ginta
364 2628 413 2671 et
445 2628 630 2689 septem
664 2639 898 2671 annorum
932 2628 1156 2685 aetatem,
1194 2638 1342 2688 quum
1374 2627 1661 2685 moreretur,

194 2702 491 2768 impleverit,
527 2704 570 2753 is
599 2705 792 2754 circiter
825 2702 1143 2771 quadraginta
1176 2718 1329 2751 annos
1362 2707 1500 2751 natus
1536 2700 1664 2752 dica-

194 2789 274 2831 tur
307 2781 505 2831 obiisse.
578 2784 770 2833 Eodem
804 2785 936 2846 iure,
980 2785 1023 2832 si
1057 2783 1165 2849 quis
1200 2798 1352 2830 annos
1385 2783 1584 2850 triginta
1608 2790 1665 2838 ‚et
