1816 3182
217 173 293 225 84
708 173 858 216 ΡΑῙζΒΔ
873 172 1194 217 ΡΟΒΊῈΒῙΟΒ.

217 290 343 341 Nam
379 299 657 358 corruptum
691 309 720 341 a
753 292 897 358 Rege
941 297 1114 358 capere
1130 335 1135 341 x
1150 290 1335 359 Gymen'
1367 289 1577 352 noluisse
1600 307 1687 341 ar.-

220 370 516 438 gucbant.“·-
542 373 698 422 Haec*
713 386 823 421 cum
850 371 1060 422 Diodori
1087 372 1210 422 locis
1237 371 1368 421 nullo
1396 370 1556 420 modo'
1572 388 1685 420 con-

218 451 387 501 ciliari*
403 458 622 518 possunt.
694 451 797 514 Qui
831 469 978 518 quum
1011 468 1127 501 vcra
1159 451 1403 513 retulerit,
1448 450 1683 517 sequitur,

221 531 344 580 falsa
376 532 596 580 retulisse
632 529 931 580 Cornelium.
1004 530 1153 592 Quod
1174 539 1332 580 autem
1351 532 1530 579 Bosiu's
1551 541 1684 580 arca-

220 620 334 659 num
364 615 675 676 pracceptum
705 606 1077 667 Atheniensium
1108 611 1267 680 fingit,
1292 617 1356 661 'ut
1374 610 1525 679 Cyme
1549 627 1683 660 ever·

220 699 431 754 teretur,
488 691 610 740 nihil
642 692 760 740 facit
794 692 857 740 ad
891 692 1165 741 dissensum
1194 709 1303 740 cum
1336 692 1558 742 Diodoro
1591 690 1682 740 tol-

220 771 432 821 lendum.
501 771 601 821 cui
627 773 932 821 coniecturae
945 777 948 781 '
961 773 1107 821 ctiam
1125 771 1264 822 valde
1287 771 1447 821 obstat
1477 772 1680 833 animus,

218 853 304 919 qui
335 858 437 901 tum
470 851 563 900 fuit
593 847 989 914 Atheniensium,
1043 852 1220 918 quippe
1254 852 1337 918 qui
1370 868 1468 900 non
1501 867 1682 917 expug-

218 949 334 981 nare
366 932 528 981 socios
560 930 649 980 sed
681 931 966 981 confirmare
1001 929 1265 981 studerent.
1308 941 1311 944 “
1335 933 1553 982 Fuerunt
1580 930 1679 992 alii,

218 1013 303 1079 qui
335 1013 692 1077 suspicarentur
725 1030 755 1060 a
789 1012 1019 1063 Cornelio
1053 1014 1283 1078 scriptum
1320 1029 1453 1062 csse:
1514 1021 1684 1077 ca‘pcrc

220 1083 400 1159 Cymen
437 1091 640 1141 voluisse
652 1125 670 1153 ,
724 1093 1029 1142 immemores
1071 1092 1172 1155 illi,
1196 1081 1682 1159 >argumentationem

219 1170 437 1222 Cornelii
479 1171 551 1219 sic
594 1172 850 1221 manifesto
897 1172 1099 1221 turbari.
1177 1172 1339 1221 Nimia
1385 1172 1559 1237 opinio'
1591 1170 1682 1218 fuit

217 1253 400 1319 ingenii
441 1268 498 1299 ac
541 1250 663 1299 nihil
698 1270 806 1301 eum
851 1270 951 1301 non
992 1252 1181 1301 efficere
1225 1270 1369 1317 posse
1412 1250 1676 1302 ducebant:

214 1349 367 1399 quare
412 1329 649 1380 malitiose
690 1333 866 1382 fecisse
901 1350 1011 1382 eum
1051 1331 1370 1399 loquebantur
1402 1338 1451 1381 ct
1484 1347 1680 1395 corrup-

216 1418 318 1460 tum
351 1429 381 1460 a
414 1412 557 1477 Rege
593 1429 766 1476 capere
801 1412 990 1479 Cymen
1021 1409 1244 1461 noluisse.
1276 1422 1347 1450 -'--
1397 1412 1536 1460 Unus
1569 1427 1680 1475 par·

218 1498 315 1541 tem
348 1492 453 1541 veri
485 1490 604 1541 vidit
636 1493 705 1555 is,
744 1510 840 1559 quo
875 1511 1017 1543 nemo
1050 1493 1221 1542 melius
1256 1494 1500 1559 cognitum
1531 1490 1678 1540 habe-

216 1572 301 1620 bat
334 1571 641 1632 Cornelium,
687 1573 953 1622 Lambinus
966 1581 995 1634 ‚'
1045 1591 1190 1639 quum
1222 1573 1342 1621 haec
1377 1572 1439 1620 ad
1471 1583 1680 1637 pugnam

217 1651 434 1701 navalem
468 1650 546 1700 ad'
562 1651 760 1702 Notium
794 1653 1097 1702 commissam
1130 1653 1354 1703 referret.
1444 1653 1548 1702 Res
1562 1684 1578 1713 ‚
1626 1656 1680 1698 ut

217 1734 391 1798 opinor
405 1766 422 1795 ‚
489 1732 581 1780 fuit
625 1734 876 1782 eiusmodi.
964 1733 1080 1781 Duo
1126 1734 1319 1782 fuerunt
1364 1731 1679 1783 accusationis

217 1813 355 1880 quasi
378 1813 554 1878 capita,
586 1812 807 1876 alterum,
839 1813 912 1865 ὅτι
934 1812 996 1864 τὰ
1017 1816 1414 1880 Λακεδαιμονίων»
1434 1820 1679 1880 φρονεῖ-

219 1890 301 1943 διὰ
332 1891 387 1942 τὸ
415 1893 526 1959 περὶ
558 1892 648 1960 τὴν
678 1897 953 1961 ναυμαχίαν
983 1892 1230 1960 ἐλάττωμα
1255 1890 1530 1962 (moden),
1566 1892 1603 1939 i.
1626 1908 1673 1939 e.

219 1971 534 2021 obiiciebat'nr
567 1975 613 2022 ci
645 1973 970 2040 λακωνισμός,’
1023 1974 1154 2039 quod
1185 1992 1275 2039 per
1314 1973 1539 2022 malitiam
1573 1968 1678 2020 An-

218 2051 429 2100 tiochum
472 2052 534 2102 ad
576 2053 775 2102 Notium
818 2055 1088 2103 suffecisset
1130 2061 1179 2103 et
1212 2053 1467 2121 Lysandro
1507 2052 1678 2101 lubens

216 2132 268 2180 in
300 2149 468 2180 manus
501 2133 775 2185 tradidisset
807 2135 1075 2183 victoriam.
1154 2134 1379 2184 Alterum
1420 2152 1541 2183 vero
1584 2133 1676 2182 cri-

217 2229 328 2260 men
360 2212 455 2261 hoc
490 2213 608 2263 fuit:
661 2219 745 2266 καὶ
778 2214 899 2282 πρὸς
934 2211 1256 2282 Φαρνάβαζον
1291 2221 1387 2280 ἔχει
1418 2217 1581 2283 φιλίαν
1607 2229 1678 2253 -·-

214 2296 298 2345 καὶ
330 2293 452 2359 (διὰ)
479 2293 540 2344 τὰ
574 2298 685 2364 περὶ
707 2294 890 2364 Κύμην
913 2295 1228 2364 ἡμαρτημένα
1261 2294 1542 2363 (Diodor.)‚'
1574 2312 1675 2344 cor-

214 2382 405 2440 ruptum
452 2393 483 2423 a
524 2375 658 2442 Reqe
698 2375 965 2440 (Gornel.).
1036 2378 1150 2424 Hoc
1185 2383 1287 2424 cst:
1343 2377 1551 2424 voluisse
1583 2372 1675 2422 Al-

213 2453 448 2502 cibiadem
477 2472 519 2518 ¹a
564 2456 705 2521 ch'c
749 2463 799 2505 ct
840 2455 1158 2518 Pharnabazo
1204 2454 1447 2503 inductum
1489 2453 1674 2520 Cymen

212 2534 391 2582 sociam
425 2534 594 2582 urbem
636 2552 694 2582 ac
728 2535 1051 2586 fidelissimam
1066 2569 1082 2597 ‚
1142 2536 1249 2601 regi
1294 2551 1410 2583 vero
1452 2535 1671 2595 invisam,

164 2636 168 2640 ·
210 2620 455 2663 evertere..
527 2614 686 2662 Error
721 2613 935 2665 Cornelii
949 2631 967 2679 ‚·
1014 2615 1092 2665 vel
1126 2616 1285 2680 potius
1321 2615 1540 2677 Timaei,
1590 2632 1672 2663 cx-

207 2694 378 2760 plicari‘
401 2702 562 2761 potest
589 2695 834 2746 facillime.
907 2696 1141 2747 Confudit
1170 2696 1296 2745 enim
1325 2694 1419 2743 duo
1451 2696 1669 2758 crimina,

207 2793 330 2844 quae
359 2784 594 2844 perpetuo
626 2776 795 2827 ordine
830 2779 1125 2828 enumeravit
1157 2776 1405 2826 Diodorus
1418 2810 1435 2841 ,
1474 2776 1529 2829 τὸ
1563 2777 1675 2844 περὶ
