1816 3182
725 161 938 219 cArznu,
1488 161 1558 214 15

99 284 245 330 rem“
276 279 404 329 idem
431 276 592 327 valere
622 284 764 343 atque
800 276 960 344 „quid
981 273 1128 325 multa
1146 281 1557 327 commemorem“

100 362 380 410 affirmante.
452 358 637 408 Evolve
666 359 792 406 enim
821 365 973 406 totum
998 358 1158 407 locum
1172 377 1186 406 :
1226 359 1350 421 „De
1383 359 1560 423 pietate

100 449 256 490 autem
289 438 444 488 Attici
487 438 602 506 quid
643 439 781 504 plura
825 437 1230 497 commemorem?
1277 455 1421 503 quum
1464 437 1559 487 hoc

98 522 255 587 ipsum
297 537 411 568 vere
455 519 738 586 gloriantem
784 517 1056 565 audierim“
1102 524 1216 566 cett.
1295 518 1410 566 Non
1447 535 1561 582 pro-

101 601 229 649 cedit
264 601 416 648 oratio
432 632 448 660 ‚
507 605 561 646 ut
606 597 828 646 debebat.
913 596 1256 646 Desideramus
1302 598 1429 646 enim
1474 596 1561 655 ali-

101 678 243 745 quid,
293 672 438 743 quum
472 679 627 725 minus
659 679 961 741 perspicuum
996 679 1084 739 sit,
1142 695 1263 742 quae
1297 675 1563 725 intercedat

102 755 415 818 enuntiationi·
443 757 699 823 posteriori
734 775 840 806 cum
872 758 1024 823 priori
1058 757 1348 822 coniunctio.
1429 755 1564 818 Quid

101 839 258 886 enim?
291 839 415 886 Eam
449 839 513 886 ob
550 856 757 900 causam,
798 840 927 904 quod
962 856 1069 886 eum
1103 837 1247 898 illud,
1286 836 1417 902 quod
1449 854 1563 884 mox

102 920 316 984 sequitur
329 953 345 981 ‚
404 937 517 967 vere
554 918 838 984 gloriantem
872 918 1101 980 audierit,
1157 935 1256 965 non
1289 916 1392 965 vult
1423 916 1563 982 plura

100 999 508 1046 commemorare?
575 998 674 1058 Qui
720 998 810 1045 iste
855 1015 1004 1046 nexus
1050 998 1419 1045 sententiarum?
1487 995 1561 1056 At

100 1078 243 1144 plene
279 1077 583 1128 scribendum
617 1083 750 1137 erat,
794 1094 919 1125 non:
973 1096 1162 1142 „quum
1179 1103 1249 1116 --
1268 1076 1560 1139 audierim“,

103 1159 213 1207 sed:
255 1174 442 1223 „quum
470 1158 670 1205 sufficiat
691 1158 785 1205 hoc
809 1176 954 1204 unum
981 1155 1397 1222 commemorasse,
1433 1157 1563 1224 quod

102 1240 205 1305 ipse
241 1257 317 1289 me
351 1243 602 1305 praesente
636 1254 749 1290 vere
786 1235 1017 1304 gloriatus
1055 1240 1193 1286 est.“
1273 1238 1389 1303 Jam
1424 1237 1563 1286 intel-

101 1320 288 1388 ligiturj
316 1327 372 1367 ⁴et:
405 1317 643 1385 quomodo
679 1319 804 1364 inter
837 1335 890 1364 se
926 1317 1180 1366 cohaereat
1212 1320 1440 1380 narratio,
1478 1336 1562 1367 ne-

104 1417 196 1466 que
233 1401 603 1464 comparativum
639 1397 787 1461 plura
831 1397 1090 1463 quidquam
1136 1398 1196 1448 de
1241 1401 1436 1465 propria
1477 1417 1562 1448 sua

63 1485 68 1488 '
101 1480 152 1529 ‘vi
186 1486 235 1528 et
266 1485 501 1546 potestate
534 1476 819 1545 perdidisse.

595 1671 874 1741 CAPUT
950 1683 1059 1742 IV.

186 1819 188 1821 v
237 1808 286 1856 en
321 1805 559 1871 concione]
632 1805 934 1873 Quamquam
974 1806 1098 1856 hane
1134 1805 1327 1857 claudii
1355 1805 1563 1865 Patami

102 1885 423 1936 coniecturam
457 1902 612 1953 neque
643 1885 870 1938 historiae
905 1887 1026 1936 fides
1068 1905 1225 1954 neque
1269 1890 1412 1936 unius
1443 1886 1557 1936 cod.

99 1963 200 2014 Ax.
242 1965 506 2033 (contione)
553 1969 808 2016 auctoritas
852 1986 1009 2033 neque
1053 1970 1264 2017 virorum
1310 1968 1561 2017 doctorum

101 2051 322 2094 assensus
358 2044 543 2109 deficit,
582 2064 610 2094 a
643 2049 831 2096 nemine
859 2037 1026 2109 'tamen
1060 2047 1214 2095 adhuc
1249 2049 1562 2114 interpretum

102 2125 472 2174 demonstratum
518 2135 619 2188 est,
681 2119 922 2193 quomodo
964 2128 1069 2175 fieri
1114 2116 1349 2193 potuerit,
1392 2136 1468 2194 *ut
1506 2147 1557 2177 v.

101 2209 321 2256 concione
367 2224 408 2254 s.
448 2208 689 2269 contione,
752 2209 1048 2256 notissimum
1083 2208 1225 2271 illud,
1258 2216 1562 2274 ¹corruptum

101 2288 163 2334 sit
193 2288 243 2334 in
270 2285 329 2333 v}
351 2289 661 2347 contentione,
699 2291 979 2351 praesertim
1004 2307 1148 2354 quum
1171 2290 1394 2344 librarios
1419 2308 1561 2354 saepe

100 2366 299 2433 quidem
333 2383 474 2414 unam
500 2365 584 2423 [vel
624 2366 786 2430 plures
828 2367 1010 2417 litteras
1025 2403 1040 2431 ,
1101 2368 1348 2418 brevitatis
1382 2369 1559 2432 studio,

98 2447 149 2494 in
182 2446 340 2495 medio
374 2464 422 2494 v.
461 2447 675 2494 omisisse
690 2480 706 2508 ‚
767 2465 866 2496 non
908 2466 1024 2496 vero
1040 2482 1055 2511 ,
1116 2449 1200 2497 ubi
1241 2450 1565 2516 intelligerent

97 2526 408 2588 vocabulum,
468 2534 659 2591 praeter
702 2531 1034 2592 necessitatem
1078 2529 1308 2579 adiecisse
1353 2537 1558 2580 constet.

98 2604 505 2655 convenientibus
548 2608 694 2673 igitur
740 2607 959 2655 omnibus
1007 2609 1150 2658 codd.
1187 2611 1238 2658 in
1281 2629 1332 2658 v.
1356 2619 1561 2659 >eonten-

97 2676 269 2735 tionem
302 2685 429 2749 sive,
468 2685 610 2752 quod
631 2685 694 2735 ad
727 2677 1011 2754 scripturam
1044 2689 1172 2740 idem
1208 2697 1311 2753 est,
1371 2698 1562 2740 eonten-

97 2767 241 2828 tione,
265 2784 454 2834 ¹mag-na
488 2766 641 2815 oritur
673 2768 902 2835 suspicio,
940 2788 1030 2821 nee
1065 2771 1184 2820 illud
1218 2770 1411 2837 quidem
1445 2770 1557 2821 cod.
