1816 3182
230 114 300 172 13
795 125 931 168 mas
960 127 1137 169 rmon.

115 222 129 229 x
227 237 338 305 qui,
374 238 617 299 referente
648 238 961 310 Heusingero
974 277 991 307 ‚
1030 245 1204 294 omittit
1235 263 1285 299 v.
1323 252 1397 309 ut,
1434 238 1700 312 omnesque

229 325 339 367 ante
373 319 741 370 Lambinianam
776 321 1028 374 editiones.
1114 324 1253 387 Quae
1288 326 1437 376 verba
1471 332 1698 391 corrupta

229 415 337 447 esse
373 417 518 464 quum
552 418 694 450 nemo
728 420 827 451 non
860 403 1073 467 videret-9
1108 405 1240 455 varie
1253 440 1271 470 ,
1310 391 1551 474 quomodo
1587 424 1695 455 sen·

229 480 304 526 sui
326 479 650 544 mederentur,
689 483 960 549 cogitarunt
983 485 1075 533 viri
1103 485 1252 535 docti.
1323 488 1370 536 E
1399 485 1571 553 quibus
1594 485 1695 534 Bo-

229 561 328 607 sius
362 563 615 625 proponit:
658 580 751 628 quo
785 566 853 613 sie
887 568 1080 628 exisset,
1117 576 1173 616 ut
1205 570 1438 621 absentem
1472 567 1692 631 aqqrcdc·

173 708 176 711 Ι
228 647 413 702 rentur,
449 638 502 688 h.
531 657 577 690 e.
613 658 708 708 quo
743 648 841 692 tam
875 643 1021 712 longe
1052 648 1340 708 recessisset
1367 643 1595 709 Athenis,
1641 650 1695 693 ut

228 721 353 767 tueri
396 738 449 768 se
484 737 584 768 non
622 729 818 784 posset3
877 723 1160 772 Lambinus·
1179 732 1336 773 autem
1368 726 1544 774 voluit:
1602 727 1707 791 quo.

226 801 413 868 exisset,
450 807 506 850 ut
536 801 603 848 sic
638 802 873 852 absentem
907 804 1298 870 aqqrederentur,
1335 821 1540 870 quorum
1565 805 1692 853 viro-

225 898 332 928 rum
379 880 460 928 ille
508 880 704 946 quidem
756 870 897 930 nimis
954 884 1016 931 ab
1068 902 1158 932 usu
1204 883 1479 947 latinitatis,
1541 885 1620 934 hic
1640 903 1644 908 “
1664 902 1693 932 a

226 961 446 1010 codicum
494 960 703 1011 lectione
750 963 940 1012 videtur
991 966 1268 1013 recessisse.
1357 964 1694 1032 Heusingerus

225 1048 383 1090 autem
417 1042 632 1108 sequitur
667 1043 778 1093 cod.
816 1043 962 1093 Leid.
1002 1041 1063 1106 1,
1108 1061 1254 1111 quum
1289 1043 1424 1093 edat:
1479 1061 1600 1113 qao,
1652 1046 1697 1093 si

224 1125 410 1183 exisset,
449 1124 549 1169 abs.
586 1141 741 1189 aqqr„
784 1141 907 1189 quae
941 1123 1087 1171 lectio
1122 1141 1183 1171 ex
1216 1141 1323 1172 mea
1357 1125 1549 1189 quidem
1582 1142 1692 1173 sen-

222 1203 371 1252 tentia
406 1219 612 1268 operosa
659 1209 733 1252 est
778 1209 827 1252 et
865 1220 893 1251 a
907 1202 1156 1253 '‘facilitate
1193 1202 1409 1255 Cornelii
1441 1203 1688 1255 abhorret.

221 1283 366 1331 Unde
402 1283 621 1344 codicum
657 1285 867 1331 omnium
912 1291 1105 1347 praeter
1150 1303 1295 1332 unum
1342 1287 1579 1334 consensu
1620 1287 1693 1334 sic

221 1363 450 1413 utendum
487 1380 593 1412 esse
630 1365 849 1413 existimo
863 1397 880 1426 ‚
932 1372 986 1412 ut
1017 1382 1113 1413 una
1144 1364 1355 1414 litterula
1388 1365 1547 1414 addita
1578 1365 1692 1415 alia·-

223 1461 332 1510 que.
351 1445 641 1509 transposita
682 1447 752 1494 sic
798 1444 1134 1494 emendemus:
1195 1463 1287 1512 quo
1333 1448 1354 1493 i
1356 1465 1455 1512 pse
1502 1448 1687 1509 exisset,

221 1526 277 1574 ut
310 1526 411 1573 abs.
451 1542 584 1591 aqqr.
666 1525 812 1573 Hanc
859 1527 1142 1576 sententiam
1183 1543 1325 1575 nemo
1362 1534 1492 1575 certe
1526 1544 1690 1592 repre-

220 1605 418 1654 hendet.
500 1605 726 1653 Potuerit
770 1606 914 1654 etiam
955 1606 1127 1672 aliquis
1171 1608 1432 1671 suspicari:
1495 1624 1587 1673 quo
1609 1624 1690 1655 ⁴se-

221 1688 453 1747 cessissess
514 1692 571 1733 ut
618 1686 719 1733 abs.
765 1703 897 1752 aqqr.
980 1683 1144 1736 Alteri
1186 1692 1346 1736 tamen
1388 1676 1692 1736 coniecturae
1751 1742 1756 1745 μ

218 1766 439 1832 palmam.
460 1754 648 1814 defero.
908 1771 912 1777 ⁴
1599 1782 1601 1784 ’

358 1848 409 1895 in
452 1864 620 1895 navem
666 1848 894 1912 ascendit]
977 1846 1113 1896 Nihil
1147 1846 1355 1896 dandum
1390 1854 1465 1897 est
1497 1846 1692 1896 lectioni

219 1927 352 1976 Ultr.
392 1929 691 1989 conscendit,
745 1928 822 1977 vel
855 1946 960 1977 eam
995 1928 1058 1977 ob
1095 1944 1312 1991 causam,
1373 1928 1530 1995 quod,
1585 1928 1691 1977 ubi-

221 2025 407 2073 cunque
443 2007 535 2056 hac
568 2025 688 2056 voce
721 2007 977 2057 Cornelius
1011 2026 1126 2057 usus
1160 2016 1253 2071 est,
1291 2027 1390 2057 non
1426 2008 1549 2057 solet
1583 2026 1691 2057 cum

218 2088 574 2154 praepositione
623 2087 710 2137 sed
756 2106 865 2137 cum
906 2089 1012 2137 solo
1048 2090 1319 2137 accusativo
1356 2106 1460 2137 eam
1496 2091 1692 2138 coniun-

218 2187 355 2236 gere.
422 2168 512 2218 Cf.
560 2170 728 2231 Hann.
767 2169 901 2232 VII,
936 2168 991 2217 6.
1055 2170 1174 2217 Dat.
1212 2170 1307 2232 IV,
1354 2168 1411 2218 5.
1508 2170 1693 2219 Contra

218 2251 472 2299 ascendere
506 2266 697 2315 semper
733 2266 840 2297 cum
875 2251 1233 2315 praepositione
1266 2251 1570 2300 coniunctum
1590 2250 1692 2299 est.

218 2331 397 2380 Them.
436 2331 583 2392 Vm,
635 2329 691 2378 6.
753 2330 931 2395 Epam.
969 2331 1065 2394 IV,
1114 2329 1179 2379 5.·
1266 2331 1569 2396 Quamquam
1612 2331 1694 2380 atii

218 2410 359 2460 aliam
400 2412 637 2459 rationem
682 2412 943 2476 scriptores
990 2418 1252 2478 sequuntur
1266 2445 1282 2475 ,
1340 2419 1393 2460 ut
1438 2410 1583 2460 Caes.
1621 2412 1687 2460 B.
1719 2471 1721 2474 Α

218 2491 284 2540 G.
323 2492 392 2552 V,
432 2490 484 2539 ’7.
533 2493 704 2545 milites
738 2493 1050 2539 conscendere
1083 2493 1134 2538 in
1167 2509 1312 2539 naves
1355 2490 1505 2539 iubet.
1578 2491 1686 2540 Cic.

217 2572 280 2621 ad
308 2569 485 2621 Famil.
510 2572 634 2636 XII,
670 2571 761 2621 14.
798 2572 867 2619 in.
893 2571 1042 2633 XIV,
1076 2570 1129 2620 7.
1185 2568 1494 2620 Αᾱέεεηάενο
1524 2571 1691 2620 navem

216 2653 346 2719 apud
390 2653 597 2701 Terent.
641 2650 860 2718 Adelph.
898 2649 1092 2714 1525,
1127 2649 1224 2699 60.
1321 2650 1549 2700 Ceterum
1594 2650 1691 2700 hoc

214 2736 342 2786 inter
375 2741 628 2801 utrumque
663 2732 948 2783 vocabulum
988 2731 1248 2782 discrimen
1290 2732 1571 2799 plerumque
1617 2733 1690 2784 in-
