1816 3182
220 177 292 225 74
703 175 838 214 PARS
859 174 1190 217 mammon.

191 294 266 341 ·in
298 291 457 342 reditu
486 289 760 343 Alcibiadis
782 307 901 341 <esse
942 292 1178 356 positam,
1233 280 1361 342 huuc
1385 298 1554 342 autem
1582 307 1686 344 nan

215 374 350 439 prius
376 379 492 423 ‘esse
526 373 821 436 rediturum,
878 389 1022 439 quam
1053 372 1117 421 ad
1144 365 1401 440 optimates
1433 375 1686 442 imperinm

217 460 345 503 esset
391 453 626 502 delatum:
694 466 802 502 cum
845 452 1160 503 familiaribus
1203 455 1491 521 nonnullis,
1531 456 1684 505 invito

216 534 528 601 Phrynicho,
574 534 816 584 Pisander
843 531 1069 584 Athenas
1102 536 1269 600 petiit,
1327 544 1382 585 ut
1414 535 1597 585 iisdem
1617 535 1686 584 ibi

102 665 108 674 ,
215 614 481 664 rationibus
495 647 512 677 ,
568 614 745 680 quibus
791 614 941 679 apud
962 617 1224 665 exercitum
1263 617 1340 666 usi
1387 623 1586 678 essent,
1625 614 1688 667 ad

194 694 541 763 *revocandum
568 692 876 743 Alcibiadem
912 700 960 743 et
992 695 1160 759 populi
1205 696 1456 767 imperium
1490 694 1684 744 abolen-

217 775 330 823 dum
385 771 714 826 Athenienses
765 773 1084 824 stimularent.
1167 764 1349 843 Neque
1407 793 1520 842 spes
1576 793 1686 826 eum
1764 775 1768 780 ’

217 856 411 905 fefellit.
495 856 652 904 Facili
696 857 900 924 >negotio
943 856 1077 907 cives
1124 854 1271 923 longe
1322 856 1554 922 plurimos
1606 858 1688 906 isti

218 954 389 985 causae
427 936 727 1000 conciliavit,
775 936 876 986 hoc
909 937 1207 1002 potissimum
1240 935 1566 987 blandimento
1589 955 1688 986 ‹eos
1715 957 1718 960 “

216 1017 461 1081 decipiens
477 1050 493 1079 ,
544 1017 678 1084 quod
709 1017 846 1069 finito
864 1016 1011 1066 ‘bello
1024 1050 1040 1079 ,
1096 1018 1140 1066 si
1173 1018 1291 1083 ipsis
1324 1016 1567 1082 placeret,
1610 1019 1685 1069 in·-

215 1098 420 1145 staurari
453 1114 597 1161 posse
628 1099 883 1163 imperium
916 1097 1148 1162 populare
1184 1096 1551 1148 demonstraret.
1596 1098 1682 1146 Pi-

215 1176 391 1226 sander
417 1178 564 1243 igitur
594 1196 703 1227 cum
735 1177 904 1227 decem
929 1177 1104 1243 legatis
1130 1178 1304 1226 missus
1333 1186 1427 1242 est,
1465 1181 1549 1247 qui
1570 1196 1686 1229 cum

211 1255 470 1307 Alcibiade
506 1264 556 1306 et
584 1257 914 1323 Tissapherne
949 1263 1134 1324 ageret.
1209 1257 1348 1319 Quos
1380 1256 1682 1322 Alcibiades,

213 1340 313 1388 sive
355 1338 671 1387 intellexisset
684 1372 701 1401 ,
761 1356 861 1387 non
905 1343 1156 1403 tantopere
1203 1338 1297 1387 sibi
1341 1338 1530 1390 deditos
1576 1357 1683 1389 esse

212 1422 466 1485 optimates
497 1435 645 1485 quam
686 1423 965 1483 speraverat
978 1450 997 1479 ,
1054 1418 1156 1466 sive
1200 1425 1465 1483 metueret,
1523 1438 1585 1469 ne
1620 1418 1683 1468 ab

211 1501 307 1549 illis
345 1500 675 1566 deciperetur,
734 1505 834 1547 tam
875 1496 1054 1565 frigide
1096 1500 1286 1567 excepit
1320 1499 1682 1566 Tissaphernis-

212 1600 306 1648 que
350 1582 545 1629 nomine
593 1578 893 1627 conditiones
937 1580 1007 1626 ita
1046 1580 1360 1645 exaggeravit
1374 1614 1391 1642 ,
1439 1587 1494 1629 ut
1536 1580 1685 1647 legati

211 1679 491 1727 persuasum
528 1659 767 1713 haberent
778 1692 794 1721 ,
849 1675 1019 1723 parum
1052 1657 1147 1706 sibi
1180 1658 1344 1707 favere
1377 1657 1684 1710 Alcibiadem

214 1759 371 1807 neque
406 1739 671 1789 liberaliter
706 1756 814 1787 cum
849 1739 967 1802 ipsis
1002 1755 1167 1804 agere.

350 1901 411 1949 In
437 1900 642 1965 patriam
669 1899 852 1947 reversi
873 1915 1019 1963 quum
1049 1899 1307 1948 factionem
1333 1917 1469 1947 suam
1500 1906 1686 1948 auctam

214 1982 371 2049 mag-is
417 1987 467 2029 et
513 1977 770 2028 admodum
803 1976 964 2028 valere
1011 1979 1482 2042 animadvertissent,
1543 1981 1686 2030 etiam

213 2065 317 2111 sine
362 2058 621 2107 Alcibiade
667 2057 800 2123 quod
841 2058 1020 2105 vellent
1075 2077 1127 2107 se
1170 2061 1363 2124 assequi
1406 2076 1549 2123 posse
1595 2060 1688 2106 rati

213 2141 333 2191 nihil
369 2138 572 2205 amplius
606 2125 716 2186 eum
754 2144 1059 2197 curaverunt.
1108 2137 1192 2188 Cf.
1228 2138 1390 2187 Thuc.
1416 2137 1562 2200 Vm,
1589 2136 1681 2187 63.

212 2222 385 2289 Neque
419 2236 538 2269 vero
574 2217 749 2267 diutius
785 2216 971 2267 dubitat
1014 2217 1097 2266 illa
1138 2218 1314 2283 factio,
1375 2220 1452 2268 cui
1494 2224 1687 2285 praeter

165 2299 167 2303 ’
214 2301 508 2356 Pisandrum
540 2297 884 2360 Aristarchus,
937 2296 1220 2364 Antiphon,
1274 2300 1604 2350 Theramenes
1638 2307 1688 2352 et
1735 2323 1737 2328 ’

214 2384 298 2451 qui
331 2380 396 2430 ad
431 2397 518 2430 eos
552 2379 799 2430 defecerat
831 2378 1140 2446 Phrynichus
1174 2388 1458 2452 praeerant,
1518 2396 1686 2429 everso

213 2462 509 2528 reipublicae
567 2467 694 2509 statu
746 2476 1010 2523 paucorum
1063 2462 1315 2526 imperium
1359 2460 1683 2508 constituere.

215 2545 296 2594 De
330 2539 630 2591 restituendo
663 2537 922 2588 Alcibiade
969 2546 1127 2589 autem
1171 2560 1299 2591 nunc
1343 2557 1443 2589 non
1487 2538 1688 2603 amplius

215 2621 541 2690 cogitabatur,
578 2627 632 2669 ut
665 2621 749 2686 qui
775 2637 874 2668 non
906 2619 1053 2668 modo
1086 2638 1185 2671 non
1216 2619 1468 2687 prodesse,
1505 2636 1559 2668 re
1593 2619 1688 2667 iam

217 2703 474 2764 confecta,
532 2699 621 2750 sed
663 2719 842 2752 nocere
890 2700 1011 2751 adeo
1053 2703 1113 2750 iis
1126 2735 1143 2765 ,
1203 2703 1288 2767 qui
1319 2701 1414 2749 iam
1443 2700 1687 2749 civitatem

219 2783 583 2835 moderarentur
597 2816 614 2844 ,
651 2800 796 2848 posse
824 2781 1085 2833 videretur.
1157 2781 1236 2830 Re
1269 2798 1384 2830 vera
1416 2781 1565 2848 igitur
1596 2777 1687 2830 Al-
