1816 3182
241 220 245 224 .
351 217 353 220 ψ
728 115 942 204 zm.
1217 116 1233 206 1
1492 155 1568 207 ³2

119 272 224 339 dis,
283 283 331 325 et
362 272 564 342 uterque
596 259 760 351 proles
788 272 1099 340 Ἀλκιβιαδοιι
1119 273 1209 325 τοῦ
1237 274 1470 335 παλαιοῦ,
1515 280 1568 321 ut

118 355 249 404 audit
286 356 415 422 apud
452 349 726 406 Platonem.
801 352 908 404 me
948 354 1096 422 igitur
1139 372 1254 403 avus
1298 354 1415 416 fuit,
1473 372 1569 402 non

117 440 327 501 proavus
354 436 515 485 nom
541 418 831 487 'Alcibiadis-
879 434 968 485 Cf.
1003 441 1253 500 praetcrea
1284 428 1472 483 Duker.
1509 432 1571 481 ad

118 515 344 586 Thucyd.
374 513 520 580 VIII,
551 516 608 567 6
644 515 953 582 Wesseling.
990 515 1053 562 ad
1079 514 1271 564 Herod.
1304 514 1449 575 Vm,
1482 512 1567 561 17.

38 598 45 600 “
116 592 289 671 Neque
330 584 561 665 temporis
605 598 729 647 ratio
771 613 874 646 non
913 601 1125 646 constat.
1197 594 1335 644 Idem
1368 592 1569 656 Glinias,

118 677 236 744 qui
234 676 494 730 secundum
525 675 779 749 Phta‘rcli
814 673 1082 728 Alc.c.1
1118 674 1364 743 ἰδιοστόλῳ
1392 672 1575 744 τριήρει

116 758 227 826 περὶ
251 755 547 827 Ἀρτεμισιον
578 746 931 829 ἐναυμάχησεν,
972 757 1100 807 bene
1130 757 1238 805 fieri
1268 762 1455 822 potest,
1498 760 1571 816 ut,

118 836 170 886 id
203 838 335 910 quod
352 839 608 891 Plutarchi
640 840 783 888 etiam
815 839 1094 887 auctoritate
1127 839 1311 900 nititur,
1345 837 1399 884 in
1431 852 1573 901 proe-

117 916 186 965 lio
220 917 490 968 Coronensi
520 920 860 985 pugnaverit,
874 917 1007 986 quod
1039 919 1236 983 triginta
1265 918 1457 966 circiter
1490 933 1573 965 an-

118 1013 288 1047 norum
322 1000 476 1066 spatio
510 996 572 1047 ab
606 997 758 1047 altero
789 995 1012 1045 distabat.
1080 995 1253 1062 Neque
1280 995 1397 1043 illud
1423 996 1574 1043 offen-

118 1075 232 1134 dere
265 1087 425 1144 potest
438 1113 454 1142 ,
503 1077 682 1146 quod
667 1096 761 1126 iam
795 1077 1133 1144 sexagenarius
1180 1082 1260 1123 aut
1304 1082 1433 1123 certe
1479 1092 1578 1124 non

118 1157 267 1210 multo
293 1160 470 1208 ·minor
511 1165 628 1208 natu
668 1157 850 1208 Clinias
882 1154 1188 1220 Alcibiadem
1230 1156 1574 1221 procreaverit,

119 1254 263 1304 quum
318 1239 516 1289 alterum
561 1246 754 1304 practer
796 1234 1101 1308 Alcibiadem
1153 1236 1303 1301 lilium
1355 1235 1578 1285 habuisse

119 1333 229 1365 eum
273 1320 478 1368 sciamus
516 1326 570 1368 ct
611 1319 774 1386 plures
818 1316 1024 1366 fortasse
1068 1316 1292 1365 habuisse
1334 1318 1578 1366 coniiccre

119 1394 280 1447 liceat.
910 1425 914 1429 ·

255 1474 360 1524 Α1ἰι
392 1476 507 1525 alibi
533 1475 803 1527 Alcibiadis
834 1442 1265 1525 commemorantur
1296 1440 1579 1542 consang-ui-

120 1558 227 1619 nci,
264 1565 318 1606 ut
350 1558 582 1624 Xenoph.
619 1557 754 1607 Hist.
789 1555 882 1606 Gr.
919 1557 965 1619 I,
1002 1555 1061 1620 4,
1098 1555 1161 1607 7:
1214 1554 1582 1625 Εὐρυπτόλεμος

121 1635 149 1686 ὁ
178 1636 560 1701 Πεισιάνακτος,
599 1635 899 1704 Ἀλκιβιάδου
938 1635 1149 1705 ἀνεψιὸς.
1218 1637 1301 1686 Cf.
1341 1637 1577 1687 Schneid.

122 1715 242 1765 adl.
265 1718 301 1765 l.
320 1719 572 1766 Plutarch.
607 1719 724 1767 Alc.
749 1737 795 1768 c.
811 1718 1063 1767 XXXIV.
1100 1745 1171 1755 —·
1201 1718 1435 1782 Xenoph.
1459 1718 1579 1766 ibid.

121 1795 167 1858 Ι,
201 1795 258 1860 2,
292 1796 330 1848 8
364 1797 484 1847 alius
515 1795 801 1858 Alcibiades
835 1804 909 1848 c&
942 1798 1095 1849 nostri
1129 1797 1475 1862 consobrinus,
1522 1797 1583 1848 de

123 1893 219 1942 quo
253 1876 374 1926 haec
408 1879 708 1927 referuntur:
749 1876 1053 1945 Ἀλκιβιάδην
1082 1881 1144 1929 δὲ·
1157 1877 1448 1947 Αθηναῖον,
1478 1877 1584 1927 {AL-
1600 1887 1603 1889 ’

122 1956 341 2021 κιβιάδσυ
373 1955 488 2008 ὄντα
516 1957 716 2033 ἀνεψιὸν
746 1960 843 2009 καὶ.
861 1954 1172 2025 ξυμφυγάδα,
1207 1957 1462 2009 κατέλυσεν
1488 1959 1580 2006 int.

123 2033 152 2085 ὁ
202 2035 464 2106 Θρασύλος.
533 2036 617 2089 Cf.
665 2025 881 2088 ΡειΙιιιει.
929 2037 1166 2086 Exercitt.
1217 2038 1279 2085 ad
1324 2044 1450 2086 auct.
1490 2037 1582 2087 Gr.

124 2133 176 2182 p.
218 2115 317 2165 60.
361 2119 502 2180 ·Qui
541 2118 787 2187 quomodo
824 2120 883 2166 in
930 2109 1082 2167 classe
1129 2118 1434 2184 Syracusana
1477 2137 1586 2168 esse
1686 2102 1688 2106 ‚

124 2199 362 2263 potnerit,
409 2199 551 2253 facilc
585 2201 652 2249 ita
684 2205 844 2266 potest
878 2198 1107 2264 explicari
1121 2232 1137 2261 ,
1186 2204 1268 2260 ut,
1316 2216 1463 2265 quum
1493 2216 1589 2247 una

128 2285 237 2346 cum
269 2274 527 2328 Alcibiade
556 2279 709 2335 nobili
736 2279 994 2342 exsularet,
1033 2295 1128 2345 quo
1159 2295 1212 2326 se
1242 2286 1452 2328 verteret
1476 2298 1588 2328 nes-

127 2357 230 2408 cius
244 2391 261 2421 ,
312 2358 439 2424 apud
481 2358 812 2426 Syracusanos
853 2359 1070 2408 militiam
1113 2366 1403 2424 capesseret.
1487 2358 1591 2408 Sed

126 2455 273 2510 quum
294 2430 489 2510 *horum
507 2439 818 2506 .aliorumquc
853 2442 935 2488 vix
968 2439 1227 2506 quidquam
1267 2447 1463 2505 v{macter
1504 2458 1591 2488 no-

126 2510 256 2569 mina
290 2518 582 2583 noverimus,
618 2538 776 2587 neque
806 2520 869 2570 ad
896 2538 976 2571 res
996 2515 1269 2569 Alcibiadis
1304 2520 1593 2570 enarrandas

23 2670 27 2672 -
128 2597 282 2674 ullius¹
316 2600 421 2650 fere
464 2601 693 2650 momenti
736 2602 862 2665 sint,
920 2603 971 2650 in
1003 2603 1064 2651 iis
1098 2600 1273 2651 diutius
1308 2604 1595 2651 commorari

102 2709 104 2711 v
127 2680 227 2728 no'n
260 2682 353 2747 crit
385 2699 561 2748 operae
595 2682 819 2747 pretium.
