1816 3182
698 198 811 243 cnr.
840 202 924 244 vn.
1354 224 1361 231 -
1457 203 1534 256 35

61 324 150 394 τὴν
185 321 460 389 ναυααχίαν
500 315 748 385 ἐλάττωμα
790 320 873 370 καὶ
913 320 976 370 τὰ
1018 321 1128 388 περὶ
1161 317 1341 389 Κύμην
1370 320 1523 390 ἡμαρ-

61 411 270 472 τημένα.
326 403 466 450 Haec
501 398 595 447 duo
628 407 762 448 tanto
798 399 986 448 facilius
1016 399 1245 448 confundi
1278 408 1518 464 poterant,

61 484 191 552 quod
210 489 262 533 et
281 497 452 547 reapse
478 478 529 526 in
553 480 857 529 accusatione
887 472 1291 558 coniungerentur
1319 486 1368 529 et
1392 481 1522 548 qnod

61 562 343 611 Alcibiades
377 559 598 624 profecto
633 560 760 623 apud
789 559 975 626 Cymen
1007 561 1162 606 minus
1197 578 1258 607 ex
1290 564 1523 609 sententia

18 707 25 714 N
61 660 165 693 rem
200 645 435 710 gesserat.
474 636 904 710 (Ἠναγκάσθησαν
920 668 987 678 -
1001 646 1290 707 καταφυγεῖν
1321 642 1402 692 ἐπὶ
1434 639 1523 703 τὰς

62 725 183 783 ναῦς
226 719 479 786 Diodon).
560 720 822 770 Praeterea
868 721 1062 770 omnino
1104 719 1321 770 dixerant
1363 718 1520 771 Athe-

62 804 271 864 nienses,
307 798 610 850 Alcibiadem
645 819 674 849 a
705 803 847 868 Rege
881 809 931 850 et
966 789 1283 854 Pharnabazo
1302 819 1529 868 *cot-rupe

61 889 162 932 tum
199 897 370 947 capere
405 879 590 946 Cymen
632 881 853 930 voluisse.
923 878 997 929 At
1042 880 1285 930 enimvero
1333 881 1528 947 Corne-y

62 962 154 1010 lius
187 961 266 1011 vel
286 962 503 1009 *fortasse
533 961 626 1008 iam
654 961 902 1023 Timaeus,
938 978 1083 1027 quum
1112 961 1319 1010 infelicis
1346 953 1526 1029 proelii

64 1041 125 1090 ad
143 1042 339 1090 Notium
361 1040 602 1089 commissi
615 1039 797 1087 oblitus
819 1045 965 1101 esset,
1001 1046 1306 1106 putassetque
1328 1059 1518 1091 omnem

64 1123 412 1170 accusationem
447 1121 503 1167 ἱιι
532 1119 728 1168 crimine
763 1118 992 1185 Gymnico
1006 1153 1023 1182 ‚
1073 1126 1298 1207 tanquam
1329 1122 1381 1169 in
1415 1139 1517 1171 car-

65 1200 201 1263 dine,
258 1217 445 1248 versam
480 1216 614 1260 esse,
670 1216 815 1264 quum
849 1207 1008 1248 tamen
1041 1198 1168 1247 idem
1201 1173 1357 1253 sciret
1394 1200 1518 1250 male

64 1278 125 1326 ab
147 1276 524 1326 Atheniensibus
553 1285 830 1343 pugnatum
845 1297 951 1328 esse
985 1279 1128 1344 idque
1150 1281 1335 1328 crimini
1358 1280 1518 1328 datum

63 1357 331 1406 Alcibiadi:
389 1374 540 1422 prope
584 1355 783 1405 dixerim
831 1356 1093 1424 cogebatur
1135 1358 1256 1409 haec
1299 1361 1349 1408 in
1390 1359 1519 1409 hunc

63 1438 254 1486 modum
287 1445 467 1500 temere
503 1444 552 1485 et
584 1438 851 1485 inconsulto
877 1438 1195 1487 confundere:
1234 1441 1364 1505 quod
1389 1440 1521 1504 apud

65 1517 243 1584 Cymen
277 1519 428 1567 minus
460 1536 520 1567 ex
551 1517 782 1565 sententia
815 1536 914 1567 rem
943 1526 1175 1585 qesserat,
1213 1520 1263 1567 in
1293 1520 1517 1567 invidiam

64 1598 248 1646 recidit.
270 1625 337 1633 —
362 1597 591 1645 malitiose
613 1596 781 1661 fecisse
811 1597 1129 1663 loquerentur.
1156 1625 1226 1635 ·-
1257 1598 1387 1647 Nam
1414 1616 1514 1667 cor-

63 1684 253 1743 ruptum
300 1695 332 1725 a
376 1677 510 1743 Reqe
553 1694 720 1742 capere
768 1675 944 1742 Cymen
989 1667 1194 1730 noluisse
1238 1679 1513 1745 aryuebant.

64 1757 248 1823 Culpae
281 1754 549 1805 Alcibiadis
581 1755 855 1804 tribuebant
886 1757 1054 1807 infelix
1086 1759 1321 1825 proelium
1350 1758 1516 1807 Notia-

64 1858 198 1888 num.
258 1838 398 1886 Haec
423 1837 514 1885 fuit
537 1836 733 1885 malitia.
803 1835 907 1885 Sed
933 1839 1103 1892 iniuria
1136 1839 1359 1905 Cymaeis
1386 1837 1518 1887 illata

64 1919 154 1967 fuit
175 1917 325 1983 τόλμα
353 1914 606 1984 (Diodor.)
637 1914 966 1981 potiusquam
988 1918 1183 1966 malitia.
1254 1918 1393 1983 Haec
1420 1916 1515 1965 duo

62 2000 209 2065 igitur
241 2002 539 2046 monstruose
575 1994 918 2061 conglutinavit
934 1996 1221 2047 Cornelius·
1291 1997 1515 2062 Denique

63 2095 231 2143 capere
283 2075 459 2141 Cymen
508 2076 711 2124 noluisse
766 2072 1024 2142 arguebant
1077 2078 1269 2141 scripsit
1321 2078 1516 2125 miratus

64 2160 205 2208 etiam
247 2174 348 2206 rem
362 2190 379 2219 ‚
406 2188 408 2190 -
439 2156 571 2204 cuius
604 2156 814 2204 rationes
848 2173 945 2204 non
977 2146 1304 2219 intellexerat,
1350 2158 1514 2206 aciem

64 2238 298 2295 exercitus
321 2243 429 2290 ante
449 2235 632 2302 Cymen
659 2237 953 2298 instructam,
990 2256 1145 2304 neque
1167 2246 1324 2286 tamen
1346 2237 1514 2286 urbem

65 2323 404 2384 oppugnatam.
477 2317 590 2363 Hoc
613 2317 658 2364 ei
681 2316 857 2381 oppido
880 2318 1050 2365 mirum
1073 2319 1348 2380 videbatur,
1385 2317 1514 2383 quod

62 2405 115 2449 ut
145 2397 430 2463 explicaret,
468 2414 568 2444 rem
600 2413 789 2445 omnem
819 2399 1049 2462 corrupit-2

683 2603 903 2614 -τ--ᾑυ-
