<?xml version="1.0" encoding="UTF-8"?>
<!DOCTYPE html PUBLIC "-//W3C//DTD XHTML 1.0 Transitional//EN"
    "http://www.w3.org/TR/xhtml1/DTD/xhtml1-transitional.dtd">
<html xmlns="http://www.w3.org/1999/xhtml" xml:lang="en" lang="en">
 <head>
  <title>
</title>
<meta http-equiv="Content-Type" content="text/html;charset=utf-8" />
  <meta name='ocr-system' content='tesseract 3.04.00' />
  <meta name='ocr-capabilities' content='ocr_page ocr_carea ocr_par ocr_line ocrx_word'/>
</head>
<body>
  <div class='ocr_page' id='page_1' title='image "4738018_0092.png"; bbox 0 0 1816 3182; ppageno 0'>
   <div class='ocr_carea' id='block_1_1' title="bbox 207 192 1181 242">
    <p class='ocr_par' dir='ltr' id='par_1_1' title="bbox 207 192 1181 242">
     <span class='ocr_line' id='line_1_1' title="bbox 207 192 1181 242; baseline 0.004 -9"><span class='ocrx_word' id='word_1_1' title='bbox 207 192 277 242; x_wconf 86' lang='grc'>76</span> <span class='ocrx_word' id='word_1_2' title='bbox 695 194 831 236; x_wconf 79' lang='lat' dir='ltr'>PARS</span> <span class='ocrx_word' id='word_1_3' title='bbox 861 195 1181 237; x_wconf 87' lang='lat' dir='ltr'>POSTERIOR.</span> 
     </span>
    </p>
   </div>
   <div class='ocr_carea' id='block_1_2' title="bbox 137 306 1738 2867">
    <p class='ocr_par' dir='ltr' id='par_1_2' title="bbox 137 306 1738 2221">
     <span class='ocr_line' id='line_1_2' title="bbox 342 306 1671 375; baseline 0 -18"><span class='ocrx_word' id='word_1_4' title='bbox 342 307 535 358; x_wconf 82' lang='lat' dir='ltr'><strong>Interea</strong></span> <span class='ocrx_word' id='word_1_5' title='bbox 562 306 811 360; x_wconf 81' lang='lat' dir='ltr'>dissidium</span> <span class='ocrx_word' id='word_1_6' title='bbox 829 312 993 361; x_wconf 88' lang='lat' dir='ltr'>oritur</span> <span class='ocrx_word' id='word_1_7' title='bbox 1012 309 1222 364; x_wconf 83' lang='lat' dir='ltr'>Athenis</span> <span class='ocrx_word' id='word_1_8' title='bbox 1252 313 1377 361; x_wconf 88' lang='lat' dir='ltr'>inter</span> <span class='ocrx_word' id='word_1_9' title='bbox 1407 327 1491 360; x_wconf 88' lang='lat' dir='ltr'>eos</span> <span class='ocrx_word' id='word_1_10' title='bbox 1519 309 1671 375; x_wconf 84' lang='lat' dir='ltr'>ipsos,</span> 
     </span>
     <span class='ocr_line' id='line_1_3' title="bbox 206 389 1670 455; baseline -0.001 -18"><span class='ocrx_word' id='word_1_11' title='bbox 206 389 290 455; x_wconf 88' lang='lat' dir='ltr'>qui</span> <span class='ocrx_word' id='word_1_12' title='bbox 323 390 568 455; x_wconf 80' lang='lat' dir='ltr'>principes</span> <span class='ocrx_word' id='word_1_13' title='bbox 603 390 827 439; x_wconf 83' lang='lat' dir='ltr'>factionis</span> <span class='ocrx_word' id='word_1_14' title='bbox 857 398 971 440; x_wconf 91' lang='lat' dir='ltr'>tunc</span> <span class='ocrx_word' id='word_1_15' title='bbox 1006 392 1076 440; x_wconf 89' lang='lat' dir='ltr'>ibi</span> <span class='ocrx_word' id='word_1_16' title='bbox 1108 392 1324 441; x_wconf 87' lang='lat' dir='ltr'>florentis</span> <span class='ocrx_word' id='word_1_17' title='bbox 1353 389 1670 440; x_wconf 77' lang='lat' dir='ltr'><strong>habebantur.</strong></span> 
     </span>
     <span class='ocr_line' id='line_1_4' title="bbox 206 466 1673 538; baseline -0.001 -21"><span class='ocrx_word' id='word_1_18' title='bbox 206 466 539 518; x_wconf 77' lang='lat' dir='ltr'>Aristocrates</span> <span class='ocrx_word' id='word_1_19' title='bbox 573 471 699 519; x_wconf 90' lang='lat' dir='ltr'>enim</span> <span class='ocrx_word' id='word_1_20' title='bbox 735 477 783 519; x_wconf 92' lang='lat' dir='ltr'>et</span> <span class='ocrx_word' id='word_1_21' title='bbox 817 471 1188 534; x_wconf 74' lang='lat' dir='ltr'>Theramenes,</span> <span class='ocrx_word' id='word_1_22' title='bbox 1206 472 1463 538; x_wconf 89' lang='lat' dir='ltr'>imperator</span> <span class='ocrx_word' id='word_1_23' title='bbox 1497 470 1673 530; x_wconf 81' lang='lat' dir='ltr'>factus,</span> 
     </span>
     <span class='ocr_line' id='line_1_5' title="bbox 206 548 1676 619; baseline -0.001 -22"><span class='ocrx_word' id='word_1_24' title='bbox 206 548 258 597; x_wconf 90' lang='lat' dir='ltr'>id</span> <span class='ocrx_word' id='word_1_25' title='bbox 293 548 576 613; x_wconf 78' lang='lat' dir='ltr'><strong>studebant,</strong></span> <span class='ocrx_word' id='word_1_26' title='bbox 636 558 715 614; x_wconf 86' lang='lat' dir='ltr'>ut,</span> <span class='ocrx_word' id='word_1_27' title='bbox 776 552 949 619; x_wconf 87' lang='lat' dir='ltr'>quibus</span> <span class='ocrx_word' id='word_1_28' title='bbox 995 551 1214 602; x_wconf 82' lang='lat' dir='ltr'>obstricti</span> <span class='ocrx_word' id='word_1_29' title='bbox 1256 558 1533 601; x_wconf 86' lang='lat' dir='ltr'>tenerentur</span> <span class='ocrx_word' id='word_1_30' title='bbox 1557 559 1676 598; x_wconf 76' lang='lat' dir='ltr'>&#39;cum</span> 
     </span>
     <span class='ocr_line' id='line_1_6' title="bbox 209 627 1673 697; baseline -0.002 -19"><span class='ocrx_word' id='word_1_31' title='bbox 209 632 491 696; x_wconf 73' lang='lat' dir='ltr'>optimatum</span> <span class='ocrx_word' id='word_1_32' title='bbox 526 631 794 681; x_wconf 84' lang='lat' dir='ltr'>fautoribus</span> <span class='ocrx_word' id='word_1_33' title='bbox 821 634 1043 697; x_wconf 82' lang='lat' dir='ltr'>vinculis,</span> <span class='ocrx_word' id='word_1_34' title='bbox 1070 635 1141 697; x_wconf 20' lang='lat' dir='ltr'>*iis</span> <span class='ocrx_word' id='word_1_35' title='bbox 1174 652 1227 684; x_wconf 91' lang='lat' dir='ltr'>se</span> <span class='ocrx_word' id='word_1_36' title='bbox 1260 633 1539 682; x_wconf 83' lang='lat' dir='ltr'>liberarent.</span> <span class='ocrx_word' id='word_1_37' title='bbox 1588 627 1673 677; x_wconf 81' lang='lat' dir='ltr'>Cf.</span> 
     </span>
     <span class='ocr_line' id='line_1_7' title="bbox 210 710 1674 784; baseline -0.001 -26"><span class='ocrx_word' id='word_1_38' title='bbox 210 711 380 759; x_wconf 75' lang='lat' dir='ltr'>Thuc.</span> <span class='ocrx_word' id='word_1_39' title='bbox 404 710 550 773; x_wconf 83' lang='lat' dir='ltr'>vm,</span> <span class='ocrx_word' id='word_1_40' title='bbox 587 711 684 760; x_wconf 83' lang='lat'>90.</span> <span class='ocrx_word' id='word_1_41' title='bbox 735 712 883 773; x_wconf 82' lang='lat' dir='ltr'>Quod</span> <span class='ocrx_word' id='word_1_42' title='bbox 918 714 1169 762; x_wconf 89' lang='lat' dir='ltr'>consilium</span> <span class='ocrx_word' id='word_1_43' title='bbox 1201 720 1265 761; x_wconf 45' lang='lat' dir='ltr'>ut*</span> <span class='ocrx_word' id='word_1_44' title='bbox 1287 715 1674 784; x_wconf 79' lang='lat' dir='ltr'>assequerentur,</span> 
     </span>
     <span class='ocr_line' id='line_1_8' title="bbox 206 786 1680 858; baseline 0.003 -20"><span class='ocrx_word' id='word_1_45' title='bbox 206 788 593 857; x_wconf 80' lang='lat' dir='ltr'>commodissima</span> <span class='ocrx_word' id='word_1_46' title='bbox 626 793 686 839; x_wconf 90' lang='lat' dir='ltr'>iis</span> <span class='ocrx_word' id='word_1_47' title='bbox 722 792 913 841; x_wconf 85' lang='lat' dir='ltr'>occasio</span> <span class='ocrx_word' id='word_1_48' title='bbox 949 791 1111 841; x_wconf 90' lang='lat' dir='ltr'>oblata</span> <span class='ocrx_word' id='word_1_49' title='bbox 1145 799 1219 841; x_wconf 88' lang='lat' dir='ltr'>est</span> <span class='ocrx_word' id='word_1_50' title='bbox 1233 826 1248 854; x_wconf 93' lang='lat'>,</span> <span class='ocrx_word' id='word_1_51' title='bbox 1310 809 1483 858; x_wconf 89' lang='lat' dir='ltr'>quum,</span> <span class='ocrx_word' id='word_1_52' title='bbox 1540 786 1680 844; x_wconf 75' lang='lat' dir='ltr'>clade¹</span> 
     </span>
     <span class='ocr_line' id='line_1_9' title="bbox 205 866 1677 938; baseline -0.002 -21"><span class='ocrx_word' id='word_1_53' title='bbox 205 871 257 917; x_wconf 88' lang='lat' dir='ltr'>in</span> <span class='ocrx_word' id='word_1_54' title='bbox 285 869 494 938; x_wconf 33' lang='lat' dir='ltr'>”Euboea</span> <span class='ocrx_word' id='word_1_55' title='bbox 529 870 685 919; x_wconf 89' lang='lat' dir='ltr'>insula</span> <span class='ocrx_word' id='word_1_56' title='bbox 720 878 918 937; x_wconf 89' lang='lat' dir='ltr'>accepta</span> <span class='ocrx_word' id='word_1_57' title='bbox 958 872 1023 934; x_wconf 84' lang='lat' dir='ltr'>ii,</span> <span class='ocrx_word' id='word_1_58' title='bbox 1076 873 1159 938; x_wconf 93' lang='lat' dir='ltr'>qui</span> <span class='ocrx_word' id='word_1_59' title='bbox 1193 875 1456 938; x_wconf 82' lang='lat' dir='ltr'>paucorum</span> <span class='ocrx_word' id='word_1_60' title='bbox 1488 866 1677 934; x_wconf 87' lang='lat' dir='ltr'>imperii</span> 
     </span>
     <span class='ocr_line' id='line_1_10' title="bbox 207 949 1675 1019; baseline -0.002 -20"><span class='ocrx_word' id='word_1_61' title='bbox 207 949 530 1019; x_wconf 84' lang='lat' dir='ltr'>constituendi</span> <span class='ocrx_word' id='word_1_62' title='bbox 564 956 784 1000; x_wconf 89' lang='lat' dir='ltr'>auctores</span> <span class='ocrx_word' id='word_1_63' title='bbox 819 952 1038 1015; x_wconf 82' lang='lat' dir='ltr'>fuerant,</span> <span class='ocrx_word' id='word_1_64' title='bbox 1094 952 1211 1019; x_wconf 74' lang='lat' dir='ltr'>fuga</span> <span class='ocrx_word' id='word_1_65' title='bbox 1244 952 1480 1018; x_wconf 84' lang='lat' dir='ltr'>capessita</span> <span class='ocrx_word' id='word_1_66' title='bbox 1513 950 1675 998; x_wconf 82' lang='lat' dir='ltr'>Dece-</span> 
     </span>
     <span class='ocr_line' id='line_1_11' title="bbox 206 1029 1738 1098; baseline -0.001 -20"><span class='ocrx_word' id='word_1_67' title='bbox 206 1030 332 1079; x_wconf 86' lang='lat' dir='ltr'>leam</span> <span class='ocrx_word' id='word_1_68' title='bbox 355 1029 417 1077; x_wconf 88' lang='lat' dir='ltr'>ad</span> <span class='ocrx_word' id='word_1_69' title='bbox 441 1029 857 1080; x_wconf 88' lang='lat' dir='ltr'>Lacedaemonios</span> <span class='ocrx_word' id='word_1_70' title='bbox 892 1050 944 1081; x_wconf 93' lang='lat' dir='ltr'>se</span> <span class='ocrx_word' id='word_1_71' title='bbox 979 1033 1291 1098; x_wconf 86' lang='lat' dir='ltr'>recepissent.</span> <span class='ocrx_word' id='word_1_72' title='bbox 1338 1032 1495 1079; x_wconf 85' lang='lat' dir='ltr'>&#39;Tum</span> <span class='ocrx_word' id='word_1_73' title='bbox 1528 1029 1676 1095; x_wconf 74' lang='lat' dir='ltr'>igitur</span> <span class='ocrx_word' id='word_1_74' title='bbox 1732 1079 1738 1085; x_wconf 62' lang='grc'><em>,</em></span> 
     </span>
     <span class='ocr_line' id='line_1_12' title="bbox 206 1108 1672 1177; baseline -0.003 -17"><span class='ocrx_word' id='word_1_75' title='bbox 206 1111 541 1160; x_wconf 87' lang='lat' dir='ltr'>Theramenes</span> <span class='ocrx_word' id='word_1_76' title='bbox 556 1145 572 1174; x_wconf 88' lang='lat'><strong>‚</strong></span> <span class='ocrx_word' id='word_1_77' title='bbox 628 1113 703 1160; x_wconf 83' lang='lat' dir='ltr'>vir</span> <span class='ocrx_word' id='word_1_78' title='bbox 737 1112 1018 1161; x_wconf 88' lang='lat' dir='ltr'>auctoritate</span> <span class='ocrx_word' id='word_1_79' title='bbox 1051 1131 1168 1177; x_wconf 90' lang='lat' dir='ltr'>prae</span> <span class='ocrx_word' id='word_1_80' title='bbox 1205 1112 1378 1162; x_wconf 85' lang='lat' dir='ltr'>ceteris</span> <span class='ocrx_word' id='word_1_81' title='bbox 1413 1108 1672 1171; x_wconf 87' lang='lat' dir='ltr'>excellens,</span> 
     </span>
     <span class='ocr_line' id='line_1_13' title="bbox 205 1191 1676 1257; baseline -0.001 -20"><span class='ocrx_word' id='word_1_82' title='bbox 205 1191 608 1240; x_wconf 81' lang='lat' dir='ltr'>administrandae</span> <span class='ocrx_word' id='word_1_83' title='bbox 644 1191 935 1257; x_wconf 90' lang='lat' dir='ltr'>reipublicae</span> <span class='ocrx_word' id='word_1_84' title='bbox 972 1192 1175 1240; x_wconf 85' lang='lat' dir='ltr'>formam</span> <span class='ocrx_word' id='word_1_85' title='bbox 1208 1194 1275 1240; x_wconf 89' lang='lat' dir='ltr'>ita</span> <span class='ocrx_word' id='word_1_86' title='bbox 1311 1192 1581 1253; x_wconf 88' lang='lat' dir='ltr'>constituit,</span> <span class='ocrx_word' id='word_1_87' title='bbox 1621 1194 1676 1236; x_wconf 91' lang='lat' dir='ltr'>ut</span> 
     </span>
     <span class='ocr_line' id='line_1_14' title="bbox 205 1268 1675 1337; baseline -0.001 -19"><span class='ocrx_word' id='word_1_88' title='bbox 205 1272 457 1336; x_wconf 88' lang='lat' dir='ltr'>imperium</span> <span class='ocrx_word' id='word_1_89' title='bbox 483 1272 738 1320; x_wconf 85' lang='lat' dir='ltr'>maximam</span> <span class='ocrx_word' id='word_1_90' title='bbox 768 1278 954 1337; x_wconf 89' lang='lat' dir='ltr'>partem</span> <span class='ocrx_word' id='word_1_91' title='bbox 982 1271 1043 1319; x_wconf 89' lang='lat' dir='ltr'>ad</span> <span class='ocrx_word' id='word_1_92' title='bbox 1069 1271 1297 1337; x_wconf 91' lang='lat' dir='ltr'>populum</span> <span class='ocrx_word' id='word_1_93' title='bbox 1324 1271 1523 1321; x_wconf 89' lang='lat' dir='ltr'>rediret.</span> <span class='ocrx_word' id='word_1_94' title='bbox 1563 1268 1675 1330; x_wconf 87' lang='lat' dir='ltr'>Qua</span> 
     </span>
     <span class='ocr_line' id='line_1_15' title="bbox 205 1342 1673 1418; baseline 0 -21"><span class='ocrx_word' id='word_1_95' title='bbox 205 1350 335 1398; x_wconf 83' lang='lat' dir='ltr'>facta</span> <span class='ocrx_word' id='word_1_96' title='bbox 361 1352 622 1401; x_wconf 78' lang='lat' dir='ltr'>mutatIone</span> <span class='ocrx_word' id='word_1_97' title='bbox 649 1350 770 1399; x_wconf 87' lang='lat' dir='ltr'>nihil</span> <span class='ocrx_word' id='word_1_98' title='bbox 797 1352 1036 1418; x_wconf 90' lang='lat' dir='ltr'>antiquius</span> <span class='ocrx_word' id='word_1_99' title='bbox 1059 1350 1268 1401; x_wconf 87' lang='lat' dir='ltr'>habebat</span> <span class='ocrx_word' id='word_1_100' title='bbox 1294 1350 1500 1418; x_wconf 89' lang='lat' dir='ltr'>populus</span> <span class='ocrx_word' id='word_1_101' title='bbox 1519 1342 1673 1398; x_wconf 84' lang='lat' dir='ltr'>Athe-</span> 
     </span>
     <span class='ocr_line' id='line_1_16' title="bbox 204 1418 1738 1498; baseline -0.002 -19"><span class='ocrx_word' id='word_1_102' title='bbox 204 1433 405 1494; x_wconf 84' lang='lat' dir='ltr'>niensis,</span> <span class='ocrx_word' id='word_1_103' title='bbox 444 1450 588 1498; x_wconf 90' lang='lat' dir='ltr'>quam</span> <span class='ocrx_word' id='word_1_104' title='bbox 614 1433 801 1494; x_wconf 86' lang='lat' dir='ltr'>iubere,</span> <span class='ocrx_word' id='word_1_105' title='bbox 838 1439 892 1480; x_wconf 90' lang='lat' dir='ltr'>ut</span> <span class='ocrx_word' id='word_1_106' title='bbox 910 1429 1193 1480; x_wconf 84' lang='lat' dir='ltr'>Alcibiades</span> <span class='ocrx_word' id='word_1_107' title='bbox 1223 1431 1365 1497; x_wconf 91' lang='lat' dir='ltr'>plene</span> <span class='ocrx_word' id='word_1_108' title='bbox 1394 1434 1444 1479; x_wconf 91' lang='lat' dir='ltr'>in</span> <span class='ocrx_word' id='word_1_109' title='bbox 1470 1431 1673 1496; x_wconf 86' lang='lat' dir='ltr'>patriam</span> <span class='ocrx_word' id='word_1_110' title='bbox 1730 1418 1738 1426; x_wconf 47' lang='lat'>⁸</span> 
     </span>
     <span class='ocr_line' id='line_1_17' title="bbox 203 1510 1675 1579; baseline 0.001 -21"><span class='ocrx_word' id='word_1_111' title='bbox 203 1513 554 1561; x_wconf 84' lang='lat' dir='ltr'>restitueretur.</span> <span class='ocrx_word' id='word_1_112' title='bbox 628 1511 712 1562; x_wconf 85' lang='lat' dir='ltr'>Cf.</span> <span class='ocrx_word' id='word_1_113' title='bbox 752 1511 915 1560; x_wconf 90' lang='lat' dir='ltr'>Thuc.</span> <span class='ocrx_word' id='word_1_114' title='bbox 953 1511 1099 1574; x_wconf 80' lang='lat' dir='ltr'>VIII,</span> <span class='ocrx_word' id='word_1_115' title='bbox 1137 1510 1233 1560; x_wconf 78' lang='lat'>97:</span> <span class='ocrx_word' id='word_1_116' title='bbox 1286 1513 1588 1579; x_wconf 76' lang='grc' dir='ltr'><strong><em>ἐψηφίσαντο</em></strong></span> <span class='ocrx_word' id='word_1_117' title='bbox 1622 1511 1675 1559; x_wconf 78' lang='grc' dir='ltr'>δὲ·</span> 
     </span>
     <span class='ocr_line' id='line_1_18' title="bbox 203 1589 1673 1660; baseline -0.002 -17"><span class='ocrx_word' id='word_1_118' title='bbox 203 1594 287 1643; x_wconf 84' lang='grc' dir='ltr'>καὶ</span> <span class='ocrx_word' id='word_1_119' title='bbox 314 1591 621 1660; x_wconf 80' lang='grc' dir='ltr'><strong><em>Ἀλκιβιάδην</em></strong></span> <span class='ocrx_word' id='word_1_120' title='bbox 656 1594 739 1642; x_wconf 90' lang='grc' dir='ltr'>καὶ</span> <span class='ocrx_word' id='word_1_121' title='bbox 779 1590 953 1653; x_wconf 79' lang='grc' dir='ltr'><strong><em>ἄλλους</em></strong></span> <span class='ocrx_word' id='word_1_122' title='bbox 982 1590 1080 1659; x_wconf 75' lang='grc' dir='ltr'><strong><em>μετ’</em></strong></span> <span class='ocrx_word' id='word_1_123' title='bbox 1116 1589 1268 1642; x_wconf 82' lang='grc' dir='ltr'><strong><em>αὐτοῦ</em></strong></span> <span class='ocrx_word' id='word_1_124' title='bbox 1296 1596 1536 1652; x_wconf 79' lang='grc' dir='ltr'><strong><em>κατιέναι,</em></strong></span> <span class='ocrx_word' id='word_1_125' title='bbox 1589 1590 1673 1641; x_wconf 85' lang='grc' dir='ltr'>καὶ</span> 
     </span>
     <span class='ocr_line' id='line_1_19' title="bbox 204 1668 1675 1741; baseline -0.001 -18"><span class='ocrx_word' id='word_1_126' title='bbox 204 1671 340 1741; x_wconf 74' lang='grc' dir='ltr'><strong><em>παρά</em></strong></span> <span class='ocrx_word' id='word_1_127' title='bbox 373 1692 424 1724; x_wconf 92' lang='grc' dir='ltr'><strong><em>τε</em></strong></span> <span class='ocrx_word' id='word_1_128' title='bbox 460 1678 638 1725; x_wconf 75' lang='grc' dir='ltr'><strong><em>ἐκεῖνον</em></strong></span> <span class='ocrx_word' id='word_1_129' title='bbox 674 1675 757 1724; x_wconf 83' lang='grc' dir='ltr'>καὶ</span> <span class='ocrx_word' id='word_1_130' title='bbox 796 1671 933 1740; x_wconf 82' lang='grc' dir='ltr'><strong><em>παρὰ</em></strong></span> <span class='ocrx_word' id='word_1_131' title='bbox 969 1670 1024 1723; x_wconf 87' lang='grc' dir='ltr'>τὸ</span> <span class='ocrx_word' id='word_1_132' title='bbox 1066 1675 1117 1722; x_wconf 74' lang='grc' dir='ltr'>ἐν</span> <span class='ocrx_word' id='word_1_133' title='bbox 1150 1669 1311 1739; x_wconf 83' lang='grc' dir='ltr'>Σάμῳ</span> <span class='ocrx_word' id='word_1_134' title='bbox 1352 1668 1675 1740; x_wconf 81' lang='grc' dir='ltr'><strong><em>στρατόπεδον</em></strong></span> 
     </span>
     <span class='ocr_line' id='line_1_20' title="bbox 203 1749 1672 1820; baseline -0.002 -16"><span class='ocrx_word' id='word_1_135' title='bbox 203 1758 485 1820; x_wconf 78' lang='grc' dir='ltr'><strong><em>πέμψαντες</em></strong></span> <span class='ocrx_word' id='word_1_136' title='bbox 517 1751 832 1806; x_wconf 83' lang='grc' dir='ltr'><strong><em>διεκελεύοντο</em></strong></span> <span class='ocrx_word' id='word_1_137' title='bbox 861 1750 1339 1803; x_wconf 70' lang='grc' dir='ltr'><strong><em>ἀνθάπτεσθαι-τῶν</em></strong></span> <span class='ocrx_word' id='word_1_138' title='bbox 1368 1749 1672 1820; x_wconf 79' lang='grc' dir='ltr'><strong><em>πραγμάτων.</em></strong></span> 
     </span>
     <span class='ocr_line' id='line_1_21' title="bbox 137 1826 1695 1901; baseline 0.001 -20"><span class='ocrx_word' id='word_1_139' title='bbox 137 1871 144 1876; x_wconf 87' lang='grc'><em>.</em></span> <span class='ocrx_word' id='word_1_140' title='bbox 204 1833 359 1882; x_wconf 84' lang='lat' dir='ltr'>Diod.</span> <span class='ocrx_word' id='word_1_141' title='bbox 401 1833 505 1882; x_wconf 83' lang='lat' dir='ltr'>Sic.</span> <span class='ocrx_word' id='word_1_142' title='bbox 545 1834 696 1895; x_wconf 82' lang='lat' dir='ltr'>XIII,</span> <span class='ocrx_word' id='word_1_143' title='bbox 734 1831 835 1882; x_wconf 80' lang='lat'>58:</span> <span class='ocrx_word' id='word_1_144' title='bbox 873 1831 1074 1901; x_wconf 72' lang='grc' dir='ltr'><strong><em>καὶγὰρ</em></strong></span> <span class='ocrx_word' id='word_1_145' title='bbox 1099 1830 1182 1883; x_wconf 89' lang='grc' dir='ltr'>τὸν</span> <span class='ocrx_word' id='word_1_146' title='bbox 1205 1830 1507 1901; x_wconf 81' lang='grc' dir='ltr'><strong><em>Ἀλκιβιάδην</em></strong></span> <span class='ocrx_word' id='word_1_147' title='bbox 1534 1826 1695 1901; x_wconf 23' lang='grc' dir='ltr'><strong><em>οὗτος.</em></strong></span> 
     </span>
     <span class='ocr_line' id='line_1_22' title="bbox 207 1910 1675 1981; baseline -0.001 -20"><span class='ocrx_word' id='word_1_148' title='bbox 207 1913 326 1981; x_wconf 90' lang='lat' dir='ltr'>(int.</span> <span class='ocrx_word' id='word_1_149' title='bbox 368 1912 727 1980; x_wconf 89' lang='lat' dir='ltr'>Theramenes)</span> <span class='ocrx_word' id='word_1_150' title='bbox 772 1910 919 1979; x_wconf 86' lang='grc' dir='ltr'><strong><em>μόνος</em></strong></span> <span class='ocrx_word' id='word_1_151' title='bbox 970 1912 1311 1978; x_wconf 84' lang='grc' dir='ltr'><strong><em>συνεβούλευσε</em></strong></span> <span class='ocrx_word' id='word_1_152' title='bbox 1359 1910 1581 1976; x_wconf 82' lang='grc' dir='ltr'><strong><em>κατάγειν</em></strong></span> <span class='ocrx_word' id='word_1_153' title='bbox 1626 1917 1675 1959; x_wconf 87' lang='lat' dir='ltr'>et</span> 
     </span>
     <span class='ocr_line' id='line_1_23' title="bbox 204 1988 1674 2061; baseline -0.001 -18"><span class='ocrx_word' id='word_1_154' title='bbox 204 2012 251 2043; x_wconf 90' lang='lat' dir='ltr'>c.</span> <span class='ocrx_word' id='word_1_155' title='bbox 289 1992 392 2042; x_wconf 78' lang='lat'>42:</span> <span class='ocrx_word' id='word_1_156' title='bbox 452 1997 535 2044; x_wconf 87' lang='grc' dir='ltr'>καὶ</span> <span class='ocrx_word' id='word_1_157' title='bbox 578 1993 668 2061; x_wconf 73' lang='grc' dir='ltr'>γὰρ</span> <span class='ocrx_word' id='word_1_158' title='bbox 711 1993 736 2042; x_wconf 88' lang='grc' dir='ltr'><em>ὁ</em></span> <span class='ocrx_word' id='word_1_159' title='bbox 779 1995 868 2060; x_wconf 86' lang='grc' dir='ltr'>τῆς</span> <span class='ocrx_word' id='word_1_160' title='bbox 912 1996 1154 2054; x_wconf 85' lang='grc' dir='ltr'><strong><em>πολιτείας</em></strong></span> <span class='ocrx_word' id='word_1_161' title='bbox 1194 1990 1525 2061; x_wconf 82' lang='grc' dir='ltr'><strong><em>ἀφηγούμενος</em></strong></span> <span class='ocrx_word' id='word_1_162' title='bbox 1568 1988 1674 2042; x_wconf 88' lang='grc' dir='ltr'><strong><em>τότε</em></strong></span> 
     </span>
     <span class='ocr_line' id='line_1_24' title="bbox 208 2068 1675 2142; baseline -0.002 -17"><span class='ocrx_word' id='word_1_163' title='bbox 208 2077 503 2142; x_wconf 65' lang='grc' dir='ltr'><strong><em>Θηραμένης</em></strong></span> <span class='ocrx_word' id='word_1_164' title='bbox 527 2102 598 2110; x_wconf 91' lang='grc'>-</span> <span class='ocrx_word' id='word_1_165' title='bbox 632 2074 698 2140; x_wconf 80' lang='grc' dir='ltr'>τῷ</span> <span class='ocrx_word' id='word_1_166' title='bbox 742 2068 881 2140; x_wconf 82' lang='grc' dir='ltr'><strong><em>δήμῳ</em></strong></span> <span class='ocrx_word' id='word_1_167' title='bbox 934 2070 1275 2138; x_wconf 80' lang='grc' dir='ltr'><strong><em>συνεβούλευσε</em></strong></span> <span class='ocrx_word' id='word_1_168' title='bbox 1326 2070 1547 2137; x_wconf 79' lang='grc' dir='ltr'><strong><em>κατάγειν</em></strong></span> <span class='ocrx_word' id='word_1_169' title='bbox 1591 2069 1675 2122; x_wconf 89' lang='grc' dir='ltr'>τὸν</span> 
     </span>
     <span class='ocr_line' id='line_1_25' title="bbox 201 2150 1603 2221; baseline -0.004 -16"><span class='ocrx_word' id='word_1_170' title='bbox 201 2154 520 2221; x_wconf 82' lang='grc' dir='ltr'><strong><em>Ἀλκιβιάδην.</em></strong></span> <span class='ocrx_word' id='word_1_171' title='bbox 568 2154 652 2203; x_wconf 84' lang='lat' dir='ltr'>Cf.</span> <span class='ocrx_word' id='word_1_172' title='bbox 686 2154 828 2201; x_wconf 90' lang='lat' dir='ltr'>etiam</span> <span class='ocrx_word' id='word_1_173' title='bbox 861 2152 1114 2202; x_wconf 88' lang='lat' dir='ltr'>Plutarch.</span> <span class='ocrx_word' id='word_1_174' title='bbox 1152 2152 1270 2202; x_wconf 85' lang='lat' dir='ltr'>Alc.</span> <span class='ocrx_word' id='word_1_175' title='bbox 1289 2150 1351 2202; x_wconf 84' lang='lat' dir='ltr'>c.</span> <span class='ocrx_word' id='word_1_176' title='bbox 1376 2152 1603 2203; x_wconf 82' lang='lat' dir='ltr'>XXVII.</span> 
     </span>
    </p>

    <p class='ocr_par' dir='ltr' id='par_1_3' title="bbox 170 2232 1695 2706">
     <span class='ocr_line' id='line_1_26' title="bbox 341 2232 1676 2301; baseline -0.001 -19"><span class='ocrx_word' id='word_1_177' title='bbox 341 2233 533 2296; x_wconf 83' lang='lat' dir='ltr'>Quibus</span> <span class='ocrx_word' id='word_1_178' title='bbox 568 2234 798 2299; x_wconf 88' lang='lat' dir='ltr'>expositis</span> <span class='ocrx_word' id='word_1_179' title='bbox 840 2233 983 2281; x_wconf 85' lang='lat' dir='ltr'>facile</span> <span class='ocrx_word' id='word_1_180' title='bbox 1018 2232 1293 2298; x_wconf 81' lang='lat' dir='ltr'>apparebit,</span> <span class='ocrx_word' id='word_1_181' title='bbox 1350 2232 1592 2301; x_wconf 91' lang='lat' dir='ltr'>quomodo</span> <span class='ocrx_word' id='word_1_182' title='bbox 1626 2239 1676 2281; x_wconf 89' lang='lat' dir='ltr'>et</span> 
     </span>
     <span class='ocr_line' id='line_1_27' title="bbox 203 2312 1674 2382; baseline -0.001 -18"><span class='ocrx_word' id='word_1_183' title='bbox 203 2314 544 2382; x_wconf 74' lang='lat' dir='ltr'>Thrasybulus</span> <span class='ocrx_word' id='word_1_184' title='bbox 595 2316 750 2380; x_wconf 91' lang='lat' dir='ltr'>possit</span> <span class='ocrx_word' id='word_1_185' title='bbox 800 2321 969 2363; x_wconf 90' lang='lat' dir='ltr'>auctor</span> <span class='ocrx_word' id='word_1_186' title='bbox 1012 2313 1274 2363; x_wconf 82' lang='lat' dir='ltr'>revocandi</span> <span class='ocrx_word' id='word_1_187' title='bbox 1316 2312 1674 2382; x_wconf 78' lang='lat' dir='ltr'>recipiendique</span> 
     </span>
     <span class='ocr_line' id='line_1_28' title="bbox 204 2392 1675 2462; baseline -0.001 -17"><span class='ocrx_word' id='word_1_188' title='bbox 204 2397 256 2445; x_wconf 88' lang='lat' dir='ltr'>in</span> <span class='ocrx_word' id='word_1_189' title='bbox 301 2397 506 2462; x_wconf 87' lang='lat' dir='ltr'>patriam</span> <span class='ocrx_word' id='word_1_190' title='bbox 545 2392 816 2444; x_wconf 84' lang='lat' dir='ltr'>Alcibiadis</span> <span class='ocrx_word' id='word_1_191' title='bbox 860 2402 909 2445; x_wconf 89' lang='lat' dir='ltr'>et</span> <span class='ocrx_word' id='word_1_192' title='bbox 949 2394 1280 2445; x_wconf 89' lang='lat' dir='ltr'>Theramenes</span> <span class='ocrx_word' id='word_1_193' title='bbox 1327 2395 1448 2459; x_wconf 84' lang='lat' dir='ltr'>dici,</span> <span class='ocrx_word' id='word_1_194' title='bbox 1496 2404 1675 2461; x_wconf 77' lang='lat' dir='ltr'>&#39;neque</span> 
     </span>
     <span class='ocr_line' id='line_1_29' title="bbox 207 2469 1695 2544; baseline 0 -21"><span class='ocrx_word' id='word_1_195' title='bbox 207 2476 471 2543; x_wconf 85' lang='lat' dir='ltr'>quidquam</span> <span class='ocrx_word' id='word_1_196' title='bbox 512 2477 564 2524; x_wconf 91' lang='lat' dir='ltr'>in</span> <span class='ocrx_word' id='word_1_197' title='bbox 604 2476 697 2525; x_wconf 89' lang='lat' dir='ltr'>hac</span> <span class='ocrx_word' id='word_1_198' title='bbox 731 2493 786 2525; x_wconf 89' lang='lat' dir='ltr'>re</span> <span class='ocrx_word' id='word_1_199' title='bbox 822 2477 1122 2539; x_wconf 80' lang='lat' dir='ltr'>continetur,</span> <span class='ocrx_word' id='word_1_200' title='bbox 1178 2469 1241 2525; x_wconf 84' lang='lat' dir='ltr'>id&#39;</span> <span class='ocrx_word' id='word_1_201' title='bbox 1279 2475 1411 2544; x_wconf 88' lang='lat' dir='ltr'>quod</span> <span class='ocrx_word' id='word_1_202' title='bbox 1455 2474 1695 2523; x_wconf 74' lang='lat' dir='ltr'>arbitrariv</span> 
     </span>
     <span class='ocr_line' id='line_1_30' title="bbox 205 2554 1677 2624; baseline 0 -19"><span class='ocrx_word' id='word_1_203' title='bbox 205 2556 395 2606; x_wconf 81' lang='lat' dir='ltr'>videtur</span> <span class='ocrx_word' id='word_1_204' title='bbox 427 2556 738 2624; x_wconf 79' lang='lat' dir='ltr'>Wesseling.</span> <span class='ocrx_word' id='word_1_205' title='bbox 778 2555 839 2605; x_wconf 89' lang='lat' dir='ltr'>ad</span> <span class='ocrx_word' id='word_1_206' title='bbox 884 2556 1037 2606; x_wconf 88' lang='lat' dir='ltr'>Diod.</span> <span class='ocrx_word' id='word_1_207' title='bbox 1077 2556 1182 2607; x_wconf 87' lang='lat' dir='ltr'>Sic.</span> <span class='ocrx_word' id='word_1_208' title='bbox 1220 2556 1257 2606; x_wconf 93' lang='lat' dir='ltr'>l.</span> <span class='ocrx_word' id='word_1_209' title='bbox 1295 2556 1332 2605; x_wconf 92' lang='lat' dir='ltr'>l.</span> <span class='ocrx_word' id='word_1_210' title='bbox 1351 2591 1367 2621; x_wconf 83' lang='lat'>,</span> <span class='ocrx_word' id='word_1_211' title='bbox 1416 2554 1547 2624; x_wconf 88' lang='lat' dir='ltr'>quod</span> <span class='ocrx_word' id='word_1_212' title='bbox 1580 2573 1677 2605; x_wconf 92' lang='lat' dir='ltr'>non</span> 
     </span>
     <span class='ocr_line' id='line_1_31' title="bbox 170 2637 1536 2706; baseline -0.001 -20"><span class='ocrx_word' id='word_1_213' title='bbox 170 2660 181 2672; x_wconf 44' lang='lat' dir='ltr'>x</span> <span class='ocrx_word' id='word_1_214' title='bbox 207 2637 349 2704; x_wconf 89' lang='lat' dir='ltr'>plane</span> <span class='ocrx_word' id='word_1_215' title='bbox 387 2655 653 2706; x_wconf 73' lang='lat' dir='ltr'>congruum</span> <span class='ocrx_word' id='word_1_216' title='bbox 689 2638 770 2686; x_wconf 90' lang='lat' dir='ltr'>sit.</span> <span class='ocrx_word' id='word_1_217' title='bbox 869 2661 915 2676; x_wconf 34' lang='grc' dir='ltr'>κ.</span> <span class='ocrx_word' id='word_1_218' title='bbox 1532 2641 1536 2645; x_wconf 83' lang='grc'><strong>’</strong></span> 
     </span>
    </p>

    <p class='ocr_par' dir='ltr' id='par_1_4' title="bbox 212 2717 1681 2867">
     <span class='ocr_line' id='line_1_32' title="bbox 346 2717 1678 2782; baseline 0.001 -15"><span class='ocrx_word' id='word_1_219' title='bbox 346 2720 583 2782; x_wconf 89' lang='lat' dir='ltr'>„Horum</span> <span class='ocrx_word' id='word_1_220' title='bbox 626 2719 678 2766; x_wconf 89' lang='lat' dir='ltr'>in</span> <span class='ocrx_word' id='word_1_221' title='bbox 722 2717 924 2781; x_wconf 89' lang='lat' dir='ltr'>imperio</span> <span class='ocrx_word' id='word_1_222' title='bbox 973 2724 1103 2766; x_wconf 88' lang='lat' dir='ltr'>tanta</span> <span class='ocrx_word' id='word_1_223' title='bbox 1151 2718 1458 2768; x_wconf 90' lang='lat' dir='ltr'>commutatio</span> <span class='ocrx_word' id='word_1_224' title='bbox 1516 2736 1678 2768; x_wconf 91' lang='lat' dir='ltr'>rerum</span> 
     </span>
     <span class='ocr_line' id='line_1_33' title="bbox 212 2797 1681 2867; baseline 0.001 -20"><span class='ocrx_word' id='word_1_225' title='bbox 212 2798 340 2848; x_wconf 80' lang='lat' dir='ltr'>facta</span> <span class='ocrx_word' id='word_1_226' title='bbox 372 2806 465 2863; x_wconf 87' lang='lat' dir='ltr'>est,</span> <span class='ocrx_word' id='word_1_227' title='bbox 503 2805 557 2849; x_wconf 89' lang='lat' dir='ltr'>ut</span> <span class='ocrx_word' id='word_1_228' title='bbox 589 2797 995 2863; x_wconf 68' lang='lat' dir='ltr'>Lacedaemonii,</span> <span class='ocrx_word' id='word_1_229' title='bbox 1022 2800 1105 2867; x_wconf 87' lang='lat' dir='ltr'>qui</span> <span class='ocrx_word' id='word_1_230' title='bbox 1137 2798 1300 2866; x_wconf 90' lang='lat' dir='ltr'>paullo</span> <span class='ocrx_word' id='word_1_231' title='bbox 1330 2805 1439 2850; x_wconf 86' lang='lat' dir='ltr'>ante</span> <span class='ocrx_word' id='word_1_232' title='bbox 1473 2800 1681 2851; x_wconf 83' lang='lat' dir='ltr'>victores</span> 
     </span>
    </p>
   </div>
  </div>
 </body>
</html>
