1816 3182
739 152 848 194 cAP.
875 152 952 194 lx.
977 187 979 189 .
1496 152 1570 203 95

116 273 266 323 ticam
291 261 449 338 ‚plane
471 314 474 316 .
494 274 761 334 suspectam
805 266 1058 317 reddituri.
1085 268 1258 317 misere
1305 284 1413 317 eum
1455 267 1568 318 alla·

117 361 245 404 trant
284 360 334 403 et
377 348 618 413 mordaci,
645 396 647 398 .
692 355 746 399 ut
784 350 852 399 ita
893 349 1075 413 dicam,
1143 347 1284 409 dente
1330 347 1566 399 mordent.

114 435 310 484 Prilnus
329 476 333 479 .
355 430 625 479 Lambinus
651 431 875 479 'offensus
897 475 900 477 .
920 437 1023 492 est,
1089 431 1173 496 qui
1210 429 1331 477 haec
1378 435 1572 476 annotat

116 505 452 563 mirabundus:
501 508 756 573 „Alium'l
784 510 939 559 Inuno
975 509 1121 571 alios,
1170 525 1347 575 eosque
1382 506 1567 570 decem,

115 606 320 659 quorum
352 592 545 639 nomina
579 596 952 639 commemorant
983 589 1214 654 Xenoph.
1250 590 1385 637 Hist.
1420 587 1512 636 Gr.
1545 589 1571 635 1

42 664 49 671 χ
117 671 194 740 (5,
232 669 327 738 10)
375 680 424 720 et
463 671 670 721 Diodor.
711 671 816 721 Sic.
855 670 984 719 XIII
1029 668 1208 738 (74).“
1291 667 1395 719 Sed
1438 667 1571 716 nullo

114 750 258 801 modo
289 751 404 800 vitio
438 750 534 800 hoc
567 751 844 815 vertendum
880 758 953 800 est
974 750 1163 816 *Nepoti
1176 744 1206 812 ,¹
1248 748 1378 815 quod
1425 749 1571 796 alium
1607 752 1609 754 ’

116 832 348 880 dixerit-s
376 831 576 890 Decem,
597 832 789 897 quidem
823 831 1137 891 creabantur,
1191 830 1279 878 sed
1311 848 1432 878 unus
1467 836 1568 877 tan·

115 919 215 960 mm
249 911 356 974 fuit,
394 911 477 976 qui
496 928 668 959 earum
696 913 905 972 navium,
941 910 1113 977 quibus
1131 907 1412 958 Alcibiades
1430 926 1568 974 prae-

116 992 272 1040 fuerat
311 1007 523 1056 quasque
568 991 766 1039 Samum
810 990 1111 1051 deduxerat„
1156 990 1404 1053 imperium
1445 989 1568 1037 ohti-

115 1077 269 1132 neret,
304 1071 462 1135 itaque
495 1070 546 1118 in
578 1071 679 1119 eius
712 1070 871 1119 locum
902 1069 1293 1120 substitueretur..
1352 1069 1466 1118 Fuit
1486 1068 1567 1118 ille

117 1148 307 1198 Conon.
374 1148 456 1198 Cf.
493 1149 724 1214 Xenoph.
761 1143 896 1201 Hist.
936 1149 1028 1199 Gr,
1064 1150 1116 1212 Ι,
1165 1148 1228 1211 5,
1275 1146 1348 1196 10
1393 1155 1442 1196 et
1483 1149 1567 1214 qui

116 1232 379 1280 accuratius
413 1248 516 1278 rem
550 1229 841 1278 demonstrat
873 1230 1023 1278 Diod.
1063 1229 1167 1278 Sic.
1196 1229 1345 1290 XIII,
1383 1227 1479 1277 74:
1517 1232 1570 1279 ἐκ

116 1312 168 1361 δὲ
200 1308 377 1361 τούτων
409 1310 666 1377 προκρίνας
696 1307 901 1361 Κόνωνα
942 1314 1117 1373 ’ταχέως
1160 1311 1417 1376 ἐξέπεμψεν
1455 1306 1563 1376 (int.

115 1390 142 1440 ὁ
172 1393 264 1440 τῶν
289 1379 563 1457 Ἀθηναίων
590 1387 780 1455 δῆμος),
816 1389 925 1457 παρ’
949 1389 1246 1455 Ἀλκιβιάδου
1268 1389 1322 1440 τὸ
1336 1387 1569 1440 ναυτικὸν

115 1467 533 1536 παραληψόμενον.
554 1510 556 1513 .
593 1466 893 1536 Ἀλκιβιάδης
922 1472 974 1520 δὲ
1005 1472 1091 1537 τῆς
1119 1469 1280 1538 ἀρχῆς.
1298 1466 1569 1536 ἐκχωρήσας

114 1551 179 1614 τῷ
208 1545 398 1598 Κόνωνι
423 1550 507 1599 καὶ
540 1545 627 1608 τὰς
659 1546 885 1614 δυνάμεις
912 1548 1163 1616 παραδοὺς
1189 1554 1304 1597 cett.
1360 1549 1569 1600 Tantum

113 1629 259 1693 igitur
292 1626 456 1687 abest,
507 1633 560 1674 ut
600 1625 661 1673 ad
704 1627 1041 1691 Xenophontis
1085 1634 1134 1675 et
1167 1626 1375 1675 Diodori
1416 1627 1569 1675 libros

112 1706 356 1758 refutandi
382 1706 585 1770 Nepotis
620 1722 761 1756 causa
793 1707 1047 1772 provocari
1080 1712 1252 1773 queat,
1302 1712 1356 1755 ut
1390 1708 1565 1772 optime

114 1805 175 1836 ex
206 1788 264 1834 iis
298 1786 413 1851 ipsis
446 1786 789 1850 perspiciatur,
846 1786 969 1836 bene
1005 1805 1056 1835 se
1071 1820 1087 1848 ,
1101 1834 1107 1837 ,,
1146 1804 1266 1852 quae
1303 1789 1568 1837 narraverit

113 1866 386 1927 Cornelius,
422 1864 600 1915 habere
634 1873 683 1914 et
710 1865 852 1914 fidem
885 1866 1159 1915 historicam
1188 1884 1302 1931 prae
1332 1885 1397 1916 sev
1413 1869 1561 1918 ferre.

111 1946 262 1997 Aliud
306 1946 444 1994 etiam
490 1945 566 1992 his
609 1945 720 1993 addi
762 1953 922 2010 potest
966 1948 1314 2009 testimonium,
1381 1948 1565 1996 Justini

112 2028 247 2089 dico,
310 2026 391 2091 qui
436 2003 554 2072 haec
599 2023 745 2073 habet
790 2025 885 2087 (V,
922 2022 985 2086 5,
1014 2023 1109 2092 5):
1171 2034 1225 2074 ut
1266 2025 1564 2077 Alcibiadem

112 2109 274 2155 ducem
307 2103 497 2179 Conone
522 2112 758 2153 mutarent
788 2111 836 2152 et
856 2104 923 2166 V,
952 2102 1093 2166 6,1:
1136 2105 1300 2155 Conon
1320 2105 1568 2158 Aleibaadi

108 2185 345 2253 suffectu-9·
416 2200 436 2227 ..³
603 2209 679 2277 λἰ,
743 2187 796 2229 l
806 2204 971 2243 cgni-
1030 2206 1085 2224 ιι,

243 2262 465 2312 Alterum
498 2264 661 2312 vitium
696 2263 1065 2329 deprehendisse
1100 2227 1193 2314 sibi
1225 2268 1316 2315 visi
1360 2275 1469 2317 sunt
1511 2286 1556 2317 c.
1640 2307 1643 2309 <

108 2345 259 2405 VIII,
296 2341 383 2390 4
369 2362 419 2389 ιιι
451 2362 499 2390 v.
537 2343 793 2392 Philocles.
877 2345 1153 2409 Xenophon
1200 2345 1415 2411 quidem,
1479 2350 1562 2414 qui

108 2423 260 2493 (Hist.
300 2420 391 2470 Gr.
428 2422 507 2484 II,
547 2420 576 2469 1
590 2455 606 2484 ,
644 2421 734 2490 16)
782 2423 981 2473 eandem
1024 2442 1127 2473 rem
1171 2432 1361 2488 narrat,
1421 2427 1560 2477 huius

105 2507 195 2554 viri
238 2503 414 2551 nullam
454 2502 742 2550 mentionem
776 2504 915 2552 facit:
968 2508 1015 2554 οἱ
1049 2507 1105 2556 δὲ
1144 2509 1422 2572 στρατηγοὶ,
1468 2506 1561 2574 μά-

103 2588 242 2637 λιστα
274 2587 326 2635 δὲ
366 2581 548 2643 Τυδεὺς
577 2583 659 2631 καὶ
688 2586 1001 2652 Μένανδρος,
1061 2582 1252 2635 ἀπιέναι
1286 2583 1433 2636 αὐτὸν
1464 2591 1560 2639 ἐκέ-

101 2667 292 2726 λευσαν,
328 2660 504 2723 αὐτοὺς
526 2660 615 2729 γὰρ
646 2664 733 2711 νῦν
765 2671 1055 2731 στρατηγεῖν,
1091 2662 1177 2714 οὐκ
1211 2669 1399 2715 ἐκεῖνον.
1468 2667 1558 2715 Iis-

101 2743 210 2794 dem
243 2746 346 2795 fere
379 2743 539 2793 verbis
572 2744 718 2792 utitur
749 2742 1000 2793 Plutarch.
1038 2739 1154 2793 Alc.
1194 2761 1239 2816 c.
1274 2744 1555 2816 XXXVII,
