1816 3182
218 161 299 213 64
713 161 850 204 PARS
879 159 1201 204 Posmmon.

219 277 427 328 Platone
478 275 712 344 Xenoph.
760 277 1070 329 Memorabb.
1107 277 1161 342 1,
1203 277 1267 349 2,
1313 276 1420 330 40:
1481 281 1687 344 Λέγεται

217 356 327 427 γὰρ,
360 356 683 428 Ἀλκιβιάδην,
714 359 829 427 πρὶν
853 358 1030 410 εἴκοσιν
1056 358 1172 410 ἐτῶν
1199 360 1337 424 εἶναι,
1371 361 1606 431 Περικλεῖ
1615 385 1687 399 -

218 436 382 489 τοιάδε
409 442 725 507 διαλεχθῆναι
754 440 866 505 περὶ
891 437 1062 504 νόμων.
1133 438 1274 500 Quae
1303 458 1447 507 quum
1477 442 1543 488 ita
1568 441 1683 501 sint,

217 517 440 569 Pericles
475 527 633 569 autem
665 519 864 586 perierit
905 517 992 569 01.
1030 518 1363 584 LXXXVII,
1400 521 1440 572 4
1467 519 1545 591 ¹),
1586 538 1685 570 non

217 594 381 664 potest
424 596 709 648 Alcibiades
752 605 865 664 post
910 598 997 648 01.
1032 600 1317 663 LXXXII,
1365 599 1406 649 4
1457 606 1687 651 amatre

221 678 379 729 editus
414 697 549 741 esse,
585 681 801 745 quamvis
833 680 1051 744 proxime
1087 698 1116 728 a
1148 681 1332 730 Pericli
1364 689 1518 731 morte
1551 680 1687 730 habi-

218 766 319 808 tum
356 776 464 808 esse
503 758 624 807 illud
660 758 950 825 colloquium
995 765 1273 809 statuamus.
1353 760 1548 810 Primus
1592 760 1686 808 iam

218 837 433 889 Aeacius
466 839 562 888 hoc
594 838 715 887 vidit
748 839 811 887 ad
845 838 1008 887 Thuc.
1041 839 1110 901 V,
1147 839 1250 902 45,
1289 840 1367 889 cui
1400 857 1687 907 quamquam
1749 827 1753 834 ¹

216 926 419 985 propter
453 936 549 981 ,ea,
619 935 742 985 quae
788 917 900 968 inde
948 918 1145 986 collegit
1158 953 1174 983 ,
1239 926 1371 969 recte
1415 920 1689 988 refragatur

216 1000 473 1063 Dukerus,
509 999 606 1048 hoc
640 1006 802 1049 tamen
830 1007 963 1049 recte
995 999 1277 1050 observasse
1313 1000 1556 1050 fatendum
1588 1007 1682 1051 est.

216 1078 458 1144 Accedit,
513 1080 565 1128 id
598 1080 730 1147 quod
763 1082 935 1129 summi
968 1083 1197 1130 momenti
1231 1088 1332 1145 est,
1387 1081 1520 1148 quod
1560 1080 1689 1147 apud

218 1161 423 1211 eundem
458 1161 715 1209 Platonem
756 1159 961 1226 legimus
1003 1158 1255 1227 (Sympos.
1292 1177 1346 1227 p.
1383 1159 1520 1230 220)
1562 1178 1685 1229 pug-

216 1259 358 1290 nasse
386 1238 694 1289 Alcibiadem
729 1241 779 1287 in
812 1258 975 1306 pugna
1009 1240 1366 1302 Potidaeatica,
1429 1259 1550 1307 quae
1596 1242 1687 1290 fuit

217 1320 479 1370 secundum
518 1320 671 1369 Diod.
712 1320 818 1370 Sic.
855 1321 980 1383 XII,
1015 1320 1088 1370 57
1127 1320 1219 1370 01.
1263 1320 1590 1385 LXXXVII,
1628 1320 1680 1371 1.

216 1401 302 1452 Cf.
341 1401 503 1450 Thuc.
541 1402 588 1463 Ι,
625 1399 720 1450 64.
802 1400 942 1450 Idem
988 1408 1222 1450 testantur
1268 1400 1425 1457 Isocr.
1472 1401 1533 1456 de
1574 1401 1679 1470 hig.

214 1501 268 1548 p.
301 1480 431 1533 518.
479 1481 733 1530 Plutarch.
770 1478 889 1531 Alc.
929 1500 975 1531 c.
1009 1482 1128 1532 VII.
1201 1481 1314 1544 Qua
1355 1501 1410 1531 re
1454 1485 1685 1532 maiorem

206 1562 361 1635 xfidem
394 1561 516 1611 illud
547 1562 866 1624 nanciscitur,
917 1580 1051 1626 eum,
1097 1580 1244 1629 quum
1276 1562 1495 1612 Pericles
1527 1580 1686 1612 more-

213 1650 369 1706 retur,
407 1642 470 1691 ad
502 1644 748 1691 minimum
782 1643 954 1709 viginti
987 1660 1139 1692 annos
1173 1651 1335 1693 natum
1371 1662 1496 1694 esse.
1568 1643 1684 1693 Non

216 1724 344 1772 enim
390 1722 641 1773 credibile
669 1729 744 1772 est
786 1725 942 1772 minus
976 1723 1132 1774 XVII
1172 1741 1323 1774 annos
1367 1732 1531 1774 natum
1575 1742 1684 1774 eum

215 1804 395 1867 fuisse,
444 1823 591 1872 quum
624 1805 972 1854 Phormionem
1016 1805 1187 1854 ducem
1227 1807 1279 1853 in
1312 1805 1573 1855 Thraciam
1607 1822 1683 1853 se·

216 1892 463 1952 queretur.
535 1885 651 1934 Non
684 1902 801 1934 vero
836 1886 886 1933 in
919 1885 1011 1934 hac
1045 1903 1099 1935 re
1134 1885 1397 1935 audiendus
1433 1891 1507 1935 est
1538 1877 1685 1933 male-

215 1966 566 2015 dicentissimus
611 1967 702 2015 iste
748 1965 1057 2030 Athenaeus,
1128 1968 1212 2034 qui
1254 1984 1399 2033 quum
1442 1965 1560 2013 alias
1604 1953 1684 2014 res

215 2047 342 2113 apud
373 2047 632 2097 Platonem
668 2047 1004 2114 reprehendit,
1043 2055 1144 2096 tum
1167 2064 1312 2096 -mera
1345 2046 1593 2096 mendacia
1626 2062 1686 2095 ea

215 2147 322 2178 esse
356 2128 600 2191 iudicavit,
639 2147 763 2196 quae
797 2129 943 2178 Plato
975 2130 1029 2179 in
1066 2128 1326 2195 Symposio
1359 2145 1411 2193 p.
1442 2125 1559 2176 220
1593 2123 1685 2175 ΑΙ-

215 2209 451 2258 cibiadem
497 2210 681 2258 faceret
710 2209 993 2270 dicentem,
1053 2209 1277 2274 quoniam
1311 2225 1552 2275 nunquam
1588 2206 1682 2263 So-

214 2297 371 2339 crates
405 2290 644 2355 stipendia
663 2291 944 2339 meruisset.
1017 2289 1161 2339 Unde
1190 2288 1333 2338 facile
1358 2288 1447 2337 tibi
1473 2289 1683 2353 suspicio

212 2369 455 2432 inciderit,
494 2371 653 2418 omnia
687 2386 745 2417 ea
779 2386 992 2437 quoque,
1031 2386 1154 2437 quae
1190 2368 1250 2418 de
1281 2365 1539 2427 Alcibiade
1569 2385 1683 2417 cum

211 2451 512 2500 Phormione
537 2450 832 2500 >Potidaeam
865 2452 1200 2517 proficiscente
1234 2451 1527 2517 prodantur,
1566 2466 1681 2497 vnon

214 2550 322 2583 esse
364 2534 459 2582 nisi
499 2533 612 2582 ficta
647 2538 697 2581 at
731 2533 1072 2582 commentitia.
1151 2533 1309 2582 Recte
1342 2548 1460 2580 vero
1493 2530 1678 2579 Buttm.

215 2613 276 2662 ad
309 2613 443 2663 Plat.
481 2612 607 2664 Crit.
648 2630 694 2663 c.
731 2613 879 2664 XIV.
917 2631 969 2679 p.
1006 2611 1109 2677 52,
1163 2608 1308 2682 quem
1340 2611 1499 2663 locum
1532 2600 1704 2679 potis*-⁴

214 2794 252 2840 ¹)
280 2795 339 2829 Cf.
359 2795 513 2831 Pausan.
535 2808 574 2842 p.
589 2794 653 2831 59.
673 2795 720 2830 ⁷1
740 2796 798 2831 ed.
818 2796 924 2831 Rahn
945 2795 1118 2842 aliosque.
