1816 3182
117 365 122 370 ,
217 318 315 381 ms
357 301 788 386 affimrexp'efflfis
826 310 899 362 ..1-
933 307 1093 361 noemi-
1136 309 1543 377 anpeffifissimm

87 410 139 452 et
169 401 382 462 maxime,
407 403 632 445 vexatum·
658 394 948 461 pergimus,
989 393 1051 441 ad
1064 393 1067 396 ’
1080 393 1257 442 verbaz
1316 394 1548 459 manuque

90 481 291 545 collecta
319 478 501 546 primu
530 475 761 526 Gme'eiae
778 474 990 524 ‘civitatis
1019 475 1070 521 ἰη
1091 473 1356 521 Thraciam
1387 474 1547 520 introi-

89 565 202 626 vit,
246 576 371 626 quae
412 559 675 608 'enuntiatio
719 560 838 622 quot
868 554 1017 604 verba
1059 556 1298 616 continet,
1352 553 1551 602 totidem

92 646 291 707 experta
330 644 405 689 est
446 637 863 721 interpretationes
906 641 961 684 et
988 633 1382 697 emendationes,
1434 651 1553 700 quas

14 718 22 725 Χ
92 722 324 788 longum
335 726 409 769 est
450 736 615 769 omnes
648 718 927 768 enumerare
968 733 1125 781 neque
1159 715 1299 764 valde
1332 732 1552 763 necessa-

93 801 216 863 rin'm
257 806 369 866 post
412 798 689 869 diligentem
731 808 928 866 'operam
944 795 1189 846 Bardilii.
1248 795 1395 844 Illud
1427 793 1553 845 enim

95 879 316 931 omnibus
346 881 603 929 offensioni
636 882 755 943 fuit,
792 878 923 946 qnod
953 878 1146 943 primus
1169 876 1405 927 Graeciae
1439 878 1553 926 civi-

95 962 207 1011 tatis
241 962 291 1010 in
321 961 586 1010 Thraciam.
613 961 854 1009 introiisse
887 958 1144 1008 diceretur.
1167 975 1171 977 ·
1215 958 1331 1007 Jam
1365 965 1555 1007 centnm

98 1042 226 1091 enim
252 1042 413 1089 -annis
467 1046 575 1089 ante
620 1037 926 1088 Alcibiadem
981 1038 1193 1087 colonias
1238 1038 1450 1086 Graecas
1505 1021 1556 1090 i'n

98 1121 359 1187 Thraciam
393 1119 621 1169 deductas
656 1130 781 1169 esse.
860 1118 921 1167 In
966 1120 1243 1167 memoriam
1279 1135 1383 1167 esse
1416 1135 1555 1167 revo-

100 1200 281 1264 canda,
337 1207 476 1268 quae'.
494 1201 597 1266 ipse
631 1200 798 1267 Nepos
827 1197 1111 1269 (Milt.11‚
1150 1196 1214 1267 1)
1249 1195 1463 1247 retulerit
1497 1198 1557 1247 de

98 1281 340 1344 Miltiade,
377 1280 732 1342 Chersonesum
764 1280 985 1347 profecto
999 1313 1015 1343 ,
1070 1279 1178 1329 lo'ca
1212 1279 1419 1329 castellis
1455 1279 1556 1328 ido-

102 1378 194 1410 nea
244 1361 333 1409 ibi
358 1362 742 1423 communiente,
813 1366 863 1422 et
905 1370 1027 1425 qnae
1073 1359 1133 1407 de
1180 1360 1558 1425 expeditionibus

105 1447 271 1491 contra
323 1434 605 1488 Potidaeam
654 1428 788 1488 initio
838 1439 956 1488 belli
1004 1440 1405 1504 Peloponnesiaci
1455 1457 1558 1487 sus-

105 1520 257 1585 ceptis
290 1521 512 1569 sciamus.
583 1516 656 1567 At
697 1536 797 1567 non
837 1536 1027 1584 semper
1052 1519 1373 1585 ‘paeninsulae
1415 1519 1556 1582 duae,

105 1617 227 1667 quae
273 1598 576 1649 chalcidices
632 1605 681 1648 et
737 1598 999 1652 Thraciae'
1027 1587 1320 1649 Chersonesi
1369 1601 1561 1648 nomine

107 1681 327 1747 cognitae
356 1687 485 1743 sunt,
518 1680 756 1729 communi
782 1680 1022 1728 Thraciae
1050 1680 1284 1729 vocabulo
1311 1698 1406 1728 una
1436 1698 1566 1729 com-

105 1760 489 1826 prehenduntur,
525 1751 579 1814 ut
611 1760 893 1828 intelligitur
923 1778 950 1810 e
982 1760 1218 1825 Thuc.'1‚
1248 1760 1337 1811 57.
1386 1762 1457 1824 Π,
1495 1760 1565 1810 79

109 1847 251 1907 atque
287 1842 427 1890 etiam
445 1874 448 1878 -
463 1859 524 1890 ex
557 1858 643 1903 eo,
700 1840 831 1907 quod
865 1840 1157 1890 Chersonesi
1190 1843 1375 1891 incolae
1412 1841 1573 1890 Grae-v

109 1938 274 1970 corum
306 1930 473 1971 contra
489 1945 493 1948 ⁴
507 1922 726 1973 Thraces
772 1921 994 1970 auxilium
1041 1922 1294 1989 aliquando
1342 1922 1567 1988 implora-

109 2009 295 2051 verant.
374 2001 652 2052 Credimusz
712 2000 799 2050 sed
839 2001 959 2049 nihil
991 2002 1067 2052 his
1103 2004 1249 2053 efficis
1284 2003 1345 2051 ad
1378 2003 1570 2052 illorum

112 2081 442 2131 dubitationesv
459 2074 787 2131 'removendas
802 2115 818 2144 ,
875 2084 958 2147 qui
994 2084 1187 2130 castella
1220 2084 1315 2131 illa?
1336 2083 1397 2130 ab
1431 2081 1569 2131 Alci-

110 2159 252 2211 biade
287 2165 591 2227 communita,
628 2164 680 2212 in
713 2163 772 2211 iis
808 2168 937 2214 certe
971 2161 1271 2226 Bisanthem,
1321 2162 1461 2211 nullo
1486 2180 1569 2211 ne-

113 2244 246 2310 gotio
295 2244 534 2292 Thraciae
585 2242 908 2291 vindicabunt.
997 2242 1113 2291 Jam
1167 2249 1269 2292 erat
1321 2244 1468 2310 igitur
1521 2243 1571 2294 in

113 2324 354 2387 Thracia,
392 2331 441 2374 ct
472 2323 777 2373 nihilominus
809 2325 860 2372 in
890 2323 1176 2387 Thraciam,
1213 2323 1358 2390 idque
1390 2324 1572 2390 primus

111 2405 237 2454 inter
259 2402 494 2467 GraecoS,
534 2403 705 2453 deinde
732 2405 970 2461 introiisse
997 2403 1185 2452 dicitur.
1259 2404 1400 2466 Quae
1428 2422 1573 2471 quum

114 2486 188 2535 ita·
225 2492 413 2547 essent,
472 2487 757 2550 interpretes
806 2484 868 2533 ad
905 2484 1056 2534 'verba
1082 2503 1333 2552 ‘manuque
1376 2485 1576 2534 collecta

115 2567 321 2614 animum
356 2564 686 2626 attenderunt,
744 2572 793 2613 et
837 2565 932 2613 boc
973 2564 1138 2613 modo
1153 2564 1443 2612 defendendi
1475 2564 1574 2613 Ne-

113 2648 241 2725 potis
272 2646 534 2713 periculum
568 2646 813 2695 fecerunt:
851 2642 1155 2695 Alcibiadem
1187 2646 1392 2711 primum
1427 2644 1575 2694 fuisse

65 2748 68 2751 ·
116 2744 144 2774 c
173 2728 289 2797 viris
325 2726 575 2790 Graecis,
584 2728 666 2793 qui
697 2744 805 2775 cum
836 2728 1048 2775 exercitu
1075 2724 1349 2775 Thraciam
1364 2726 1573 2791 petierit.

44 2844 46 2846 ι
119 2806 221 2857 Sed
267 2809 568 2876 naufragium
626 2809 844 2858 fecerunt
890 2809 972 2875 qui
1018 2808 1097 2857 sic
1134 2808 1576 2873 interpretarentur,
