1816 3182
464 771 745 850 PAns
799 770 1152 847 pmcn.
1293 884 1298 888 ³

303 917 855 978 quma-1012„
907 914 1313 958 omnm.

610 1173 885 1234 CAPUT
961 1173 1013 1232 Ι.

156 1318 159 1321 ’
207 1271 465 1367 Namque
490 1299 745 1365 imperator
764 1297 863 1365 fuit
880 1283 1085 1368 summm
1109 1304 1156 1346 et
1177 1299 1303 1348 mart·
1321 1305 1369 1348 et
1390 1298 1536 1365 tenu]

78 1379 265 1427 Titzius
290 1398 397 1427 cum
423 1379 677 1428 Scheffero
711 1377 832 1426 baec
865 1397 946 1427 vv.
972 1385 1195 1443 tanquam
1223 1397 1321 1426 non
1356 1397 1384 1429 a
1415 1378 1538 1427 Cor-

78 1458 193 1507 nelii
219 1476 361 1507 manu
381 1459 601 1525 profecta
621 1456 758 1508 uncis
780 1459 988 1521 notavit,
1028 1459 1266 1507 contraria
1289 1476 1345 1508 ea
1367 1466 1539 1524 putans

76 1539 136 1587 iis
150 1572 167 1602 ‚
227 1556 348 1606 quae
390 1542 441 1588 in
485 1540 671 1606 reliqua
702 1537 973 1587 Alcibiadis
1006 1542 1103 1588 vita
1146 1548 1287 1606 atque
1330 1542 1549 1605 apertius*

76 1621 127 1668 in
148 1621 249 1670 vita
271 1620 564 1688 Thrasybuli
595 1623 689 1669 sint
716 1621 920 1685 scripta,
959 1620 1268 1686 ordinemque
1290 1628 1539 1686 praeterea

77 1700 410 1767 descriptionis
445 1702 773 1767 intempestive
801 1702 1107 1765 interrumpi.
1181 1700 1284 1749 Sed
1318 1704 1536 1768 egregie,

75 1789 127 1830 ut
170 1782 287 1829 mihi
332 1781 524 1847 quidem
567 1782 754 1829 videtur
767 1814 784 1843 7
848 1782 942 1828 viri
983 1781 1244 1830 doctissimi
1289 1781 1534 1831 falluntur.

74 1861 144 1910 Ut
181 1863 307 1911 enim
341 1861 458 1909 illud
492 1848 780 1922 omittamus,
818 1860 950 1926 quod
982 1862 1033 1908 in
1067 1878 1151 1909 eos
1187 1860 1358 1910 cadere
1392 1863 1546 1925 solet,-

75 1942 157 2006 qui
190 1943 312 1989 vitas
347 1941 624 1990 scribendas
661 1942 951 2010 suscipiunt,
990 1940 1139 2006 quod,
1176 1948 1229 1988 ut
1262 1943 1313 1990 in
1347 1955 1550 2009 quoque'

74 2022 178 2068 viro
213 2036 388 2087 magno
424 2020 739 2070 describendo
774 2027 1053 2081 versentur,
1101 2021 1203 2068 eius
1236 2020 1287 2067 in
1320 2021 1538 2070 laudibus

75 2097 332 2150 efferendis
345 2134 361 2163 ‚
433 2101 703 2150 incredibili
755 2100 1065 2149 admiratione
1118 2100 1245 2164 capti
1258 2134 1274 2161 ‚
1342 2100 1544 2150 modum

74 2197 417 2245 saepenumero
463 2189 733 2230 transeant:
779 2182 1046 2229 examinato
1086 2180 1381 2247 Thrasybuli
1425 2181 1537 2229 loco

73 2267 124 2308 et
149 2278 256 2308 cum
291 2268 456 2308 nostro
489 2261 664 2309 collato
698 2261 825 2308 hunc
860 2262 1036 2325 optime
1076 2276 1129 2308 se
1164 2259 1345 2308 babere
1379 2279 1543 2327 neque-

69 2340 167 2388 ulla
201 2339 435 2389 medicina
470 2357 635 2406 egere,
673 2339 814 2388 facile
845 2334 1154 2406 intelligetur.
1225 2340 1352 2388 Nam
1376 2340 1534 2388 Thra-

13 2469 15 2471 ,
70 2420 177 2486 syb.
210 2419 257 2482 I,
297 2418 347 2467 1.
385 2418 505 2466 baec
551 2425 689 2466 sunt:
764 2419 1166 2485 „Peloponnesio
1210 2419 1340 2467 bello
1388 2419 1535 2467 multa

68 2499 161 2549 hic·
183 2498 563 2567 (Thrasybulus)
599 2500 701 2547 sine
735 2497 992 2548 Alcibiade
1028 2500 1203 2566 gessit,
1241 2498 1322 2548 ille
1356 2499 1534 2546 nullam

66 2597 170 2630 rem
200 2581 303 2629 sine
339 2579 465 2643 hoc,
505 2583 648 2647 “quae
693 2579 775 2629 ille
819 2582 1042 2630 universa
1086 2578 1290 2628 naturali
1325 2578 1534 2645 quodam

65 2658 197 2710 bono
240 2662 357 2710 fecit
380 2653 590 2711 ‘lucrif‘
674 2660 823 2723 Quod
868 2662 911 2710 si
950 2661 1172 2727 ponimus
1195 2660 1269 2707 -in
1312 2658 1534 2707 omnibus

68 2741 468 2807 expeditionibus
501 2742 772 2811 pugnisque
814 2738 1122 2791 Alcibiadem
1165 2734 1403 2806 collegam
1431 2740 1533 2791 ,im-
