1816 3182
215 156 296 208 40
464 203 477 212 l
713 160 849 203 PARS
877 160 1201 206 rosrsmon.

215 274 288 323 sic
331 274 567 324 imitatum
588 303 592 308 ·
611 291 722 325 esse
762 276 1157 328 cousuetudinem
1182 258 1364 354 cett.)-
1446 277 1571 340 Quis
1611 284 1686 327 est

216 355 333 419 quin
353 354 616 422 intelligat,
653 371 797 420 quam
827 356 1175 408 incredibiliter
1205 361 1366 408 omnia
1389 357 1685 425 congruant?

216 431 345 482 Nam
375 435 420 483 si
452 433 585 485 illud·
605 436 896 502 omittimus,
937 438 1070 506 quod
1101 438 1329 489 delonia
1356 446 1498 506 atque
1527 437 1684 487 Thes·

216 512 337 561 salia
371 513 629 565 Cornelius
668 517 749 565 hie
783 525 933 581 tacet,
991 538 1091 569 non
1124 520 1279 569 solum
1313 519 1483 568 eodem
1517 537 1571 567 or
1575 518 1684 566 din-s

218 594 520 659 narrandi,
545 595 637 646 sed
681 597 872 648 iisdem
896 617 1041 667 saepe
1086 584 1249 650 verbis
1294 606 1436 667 atque
1482 598 1684 667 Satyrus

216 693 332 723 usus
374 683 466 725 est.
548 676 694 727 Unde
728 687 863 729 certo
898 683 1075 730 certius
1109 686 1216 730 esse'
1250 681 1499 743 videtur,
1521 680 1684 746 Satyri

220 756 421 823 vestig-ia
453 755 549 806 hie
569 756 747 824 legisse
783 758 1080 808 Cornelium.
1164 758 1239 809 At
1271 777 1387 809 vero
1427 762 1531 826 ipse
1566 760 1685 808 alios

218 836 366 885 duces
400 845 544 902 atque
578 844 800 886 auctores
832 840 1071 902 nominat,
1095 880 1097 882 .
1120 821 1492 906 Theopompum
1520 848 1570 890 et
1598 841 1684 888 Ti-

216 932 425 978 maeum,
457 915 510 965 id
541 916 674 984 quod
705 917 990 986 intelligitur
1017 937 1060 968 ev
1077 918 1239 969 verbis
1274 938 1320 969 e.
1358 921 1463 971 XI:
1503 934 1683 987 „prae-

171 1043 176 1046 ,
218 993 458 1066 dicarunt,
496 1003 654 1064 atque
673 998 770 1048 hoe
808 999 1053 1093 amplius“
1086 1007 1224 1049 cett.-
1273 999 1484 1050 Dubites
1517 1002 1684 1069 igitur,

218 1093 362 1141 quem
394 1084 588 1127 secutus
614 1079 685 1127 sit
727 1079 823 1128 hoe
865 1081 918 1128 in
949 1080 1061 1130 loco
1101 1080 1270 1145 Nepos
1283 1114 1300 1143 ,
1360 1080 1590 1148 Satyrum
1624 1099 1687 1130 an

219 1155 594 1225 Theopompum
641 1165 691 1208 et
734 1148 1008 1208 Timaeum.
1105 1159 1216 1210 Una
1260 1162 1337 1210 via
1380 1162 1683 1229 relinquitur,

218 1255 314 1303 qua
346 1237 697 1302 prohabilem‘
681 1259 733 1288 ιιι
765 1240 961 1289 modum
997 1240 1377 1291 demonstremus
1390 1275 1407 1304 ,
1445 1242 1686 1308 quomodo

219 1324 269 1368 et
302 1335 411 1367 cum
443 1318 609 1386 Satyri
640 1321 913 1370 narratione
946 1318 1077 1370 tanta
1110 1321 1378 1377 intercedat
1404 1321 1683 1384 similitudo,

218 1405 268 1447 et
312 1398 686 1466 Theopompum
729 1401 1077 1467 Timaeumque
1121 1409 1341 1451 auctores
1384 1402 1683 1467 profiteatur.

219 1477 449 1542 Satyrum
487 1481 615 1527 enim
630 1512 646 1539 ‚
713 1481 811 1543 qui
830 1482 1041 1527 virorum
1073 1481 1328 1529 illustrium
1360 1483 1481 1527 vitas
1514 1482 1686 1529 litteris

217 1554 546 1624 mandaverat,
594 1555 829 1628 suspicari
861 1554 976 1607 lieet
1007 1554 1149 1628 haee,
1186 1572 1310 1630 quae
1344 1555 1404 1610 de
1431 1553 1686 1611 Alcibiade

215 1642 445 1703 protulit,
498 1643 819 1704 Theopompo
854 1651 902 1690 et
937 1642 1140 1690 Timaeo
1176 1643 1372 1690 dehere.
1457 1643 1552 1689 Sic*
1580 1651 1688 1689 cum

218 1717 398 1786 Satyro
442 1717 503 1768 ah
544 1718 640 1767 illis
686 1716 947 1767 duumviris
993 1734 1226 1785 suspenso
1269 1716 1526 1768 Cornelius
1572 1734 1688 1768 con-

218 1802 383 1862 sentit,
420 1819 579 1867 neque
612 1808 773 1850 tamen
805 1802 1050 1867 mentitur,
1089 1802 1132 1848 si
1158 1800 1279 1849 haee
1313 1819 1341 1849 e
1365 1800 1686 1865 Theopompo

220 1886 363 1947 atque
399 1880 603 1928 Timaeo
638 1896 692 1929 se
725 1879 942 1929 hausisse
977 1878 1111 1944 dicit.

354 1960 592 2010 Duridem
644 1968 803 2010 autem
860 1961 1076 2010 Samium
1132 1960 1252 2010 nihil
1303 1969 1378 2010 est
1433 1978 1548 2011 eur
1564 1937 1691 2009 inter

219 2047 441 2090 auctores
490 2040 706 2091 Cornelii
757 2057 1112 2092 recenseamus.
1206 2042 1509 2109 Quamquam
1564 2041 1690 2091 enim

221 2124 511 2172 contrarium
545 2122 688 2172 nohis
727 2122 919 2172 suaderi
950 2121 1140 2170 videtur
1174 2139 1233 2171 eo
1248 2155 1265 2184 ,
1326 2122 1485 2188 quod,
1545 2139 1690 2188 quum
1755 2126 1757 2128 ’

220 2201 281 2252 de
317 2201 537 2252 ducentis
576 2201 779 2251 navibus
817 2200 880 2251 ah
913 2198 1171 2250 Alcibiade
1208 2203 1360 2267 captis
1381 2220 1440 2251 e.
1477 2201 1528 2252 V
1560 2202 1689 2251 refe-

219 2288 383 2347 ratur,
420 2283 553 2334 solus
586 2285 854 2351 reperitur,
892 2283 976 2350 qui
1010 2281 1071 2332 de
1100 2281 1192 2331 hac
1226 2301 1282 2333 re
1317 2301 1425 2333 eum
1459 2282 1691 2336 Cornelio
1726 2290 1728 2293 '

221 2366 508 2427 consentiat,
546 2366 699 2414 Duris
725 2365 922 2414 Samius
937 2363 1079 2429 ,apud
1099 2360 1285 2432 Athen.
1312 2364 1435 2413 XII.
1473 2381 1527 2428 p.
1554 2361 1686 2412 555.

220 2443 283 2494 C.
310 2443 390 2513 ¹),
447 2452 609 2494 tamen
649 2444 778 2494 idem
820 2445 963 2493 etiam
1006 2442 1379 2510 Theopompum
1420 2442 1690 2509 prodidisse

220 2543 282 2574 ex
308 2525 419 2575 loco
440 2525 695 2576 Plutarch.
722 2522 839 2574 Ale.
863 2542 909 2574 c.
931 2523 1145 2573 XXXII
1171 2525 1296 2573 effici
1312 2523 1502 2573 videtur
1523 2529 1694 2590 posse.¹

220 2606 321 2657 Hic
344 2608 472 2658 enim
502 2609 568 2657 ita
601 2606 842 2675 loquitur:
880 2603 1062 2667 πολλὰς
1096 2604 1141 2657 δ’
1178 2603 1489 2674 ἐφελκόμενος
1522 2610 1691 2675 αἰχμα-

221 2790 305 2834 1)α
281 2787 406 2837 ἇαναψ
396 2789 490 2837 'oper
493 2804 554 2833 ςτ
555 2790 648 2832 διας
622 2766 828 2837 αἱχμαλοέω
830 2802 917 2831 vev
1026 2789 1076 2830 εἰς
1102 2788 1204 2825 cmo
1206 2788 1397 2834 olaffieett
