1816 3182
141 183 143 185 ,
226 145 307 198 80
379 140 382 143 ·
463 126 466 129 ”
723 145 858 208 mas
886 145 1207 214 rosmmon.

228 261 530 322 deferretur,
573 259 669 309 hoc
703 278 875 311 munus
908 278 1008 310 non
1042 260 1354 328 abrogatum,
1406 258 1492 310 sed
1524 260 1694 327 proro-

229 349 398 409 gatum
439 347 531 390 est.
617 341 882 390 Praeterea
916 342 1000 408 qui
1034 343 1186 407 copiis
1218 339 1526 390 terrestribus
1552 345 1702 408 ‘praej

228 427 411 484 essent,
446 418 736 472 Adimantus
760 428 809 470 et
829 418 1159 470 Aristocrates
1184 422 1334 470 creati
1349 426 1482 486 nsunt.
1534 420 1697 476 Etiam

229 501 405 552 Conon
438 502 614 549 mansit
645 518 768 549 unus
804 519 865 551 ex
900 501 1100 550 ducibus
1136 501 1333 550 classis..
1395 500 1481 549 Sic
1520 501 1698 566 optime

229 600 366 630 suum
402 582 573 647 cuique
609 583 834 647 scriptori
868 581 1032 646 datur,
1082 600 1170 632 sua
1205 582 1375 648 cuique
1411 586 1460 629 et
1494 581 1697 631 auctori·
1796 641 1798 643 ‚

230 669 304 710 tas
339 660 539 721 enfides
576 668 904 723 conservatur.
1020 706 1023 709 ,
1589 698 1592 703 .
1623 722 1627 725 ⁴

369 738 514 801 Interss
539 760 652 806 eos,
691 736 773 809 q'ui
806 750 919 807 post
945 740 1251 792 Alcibiadem
1285 744 1457 800 iterum
1492 736 1702 791 exsulem
1789 738 1796 751 ’

230 821 398 871 decem
431 828 682 887 praetores
717 822 834 889 facti
867 822 1004 885 sunt,
1054 820 1149 870 duo
1188 827 1324 870 erant
1358 840 1420 871 ex
1451 822 1549 909 iis,
1578 819 1700 888 quos
1771 847 1777 851 ·

231 904 736 964 commemoravimus,
794 900 1148 951 Aristocratcm
1193 901 1302 949 dico
1343 908 1394 950 et
1417 896 1697 951 Cononem.
1729 909 1733 914 ’

217 982 316 1031 Cf.
354 981 572 1047 Xenoph
605 982 740 1031 flist.
780 981 872 1037 Gr.
905 982 952 1044 1,
989 980 1046 1045 5,
1078 979 1171 1029 10.
1220 980 1373 1029 Diod.
1411 980 1516 1029 Sic.
1550 979 1699 1042 xm,
1776 990 1781 991 ⁷

228 1060 320 1110 74.
391 1062 453 1109 In
491 1060 599 1109 hoc.
624 1062 750 1109 enim
784 1079 875 1126 pro
911 1061 1219 1128 Thrasybulo
1252 1060 1564 1127 Thrasyllum
1594 1076 1700 1109 esse
1780 1056 1783 1059 ’

167 1178 171 1181 -
230 1141 490 1212 legendum
526 1143 620 1192 iam
655 1141 1024 1210 Wesselingius
1057 1140 1258 1209 pulchre
1295 1140 1552 1206 intellexit,

719 1426 997 1487 cArUT
1033 1410 1037 1413 ’
1074 1427 1217 1486 vn.

229 1536 347 1580 QUID
382 1535 578 1576 FUERIT,
622 1536 759 1580 QUOD
787 1537 852 1589 An
885 1536 1050 1572 CYMEN
1079 1536 1377 1572 ALCIBIADES¹
1393 1533 1702 1571 COMMISERIT.

352 1617 475 1679 *Cur
498 1627 784 1679 Alcibiades
814 1631 865 1678 in
899 1630 1125 1679 invidiam
1159 1631 1405 1694 reciderit,
1441 1629 1567 1677 han'c
1595 1644 1704 1676 cau-

230 1728 333 1760 sam
367 1709 625 1761 Cornelius
670 1708 827 1779 (VII,
863 1709 929 1779 2)
977 1712 1120 1761 nobis
1163 1713 1346 1777 aperit:
1407 1711 1536 1778 quod
1576 1708 1709 1774 apud

233 1790 410 1856 Cymen
444 1792 600 1838 minus
634 1808 694 1838 ex
729 1793 960 1840 sententia
995 1810 1094 1841 rem
1126 1794 1357 1861 qessisset.
1439 1789 1543 1840 Cui·
1567 1804 1704 1837 accc-

232 1870 350 1920 dunt
385 1871 507 1923 aliae
542 1871 669 1937 apud
704 1871 824 1932 alios
860 1875 1139 1938 scriptores
1157 1890 1348 1921 causae.
1422 1869 1555 1931 Quid
1587 1886 1704 1940 vero

229 1951 350 2008 illud
385 1952 558 2014 fuerit,
609 1951 741 2017 quod
776 1950 838 1998 ad
873 1951 1060 2018 Cymen
1092 1949 1376 2001 Alcibiades
1409 1949 1701 2015 peccaverit,

231 2030 291 2080 de
326 2031 420 2080 bac
465 2049 520 2080 re
565 2032 854 2096 interpretes
869 2065 885 2093 ,
946 2032 1164 2081 Cornelii
1197 2031 1501 2097 Diodorique
1541 2027 1704 2080 narra-

228 2112 360 2161 tione
414 2118 691 2177 comparata
704 2146 720 2175 ,
780 2113 1039 2161 etiamnum
1093 2112 1328 2162 dubitant.
1424 2109 1703 2165 Cornelium

232 2194 358 2240 enim
373 2226 390 2254 ,
430 2194 562 2258 quod
593 2210 763 2256 capere
800 2193 979 2258 Cymen
1013 2194 1241 2243 noluisset
1273 2212 1304 2241 a
1340 2193 1475 2259 Reqe
1509 2208 1703 2255 corrup-

230 2277 334 2333 tus,
383 2271 519 2320 illum
554 2278 828 2321 accusatum
875 2291 982 2323 esse
1020 2291 1247 2338 narrare3
1307 2291 1369 2323 ex
1401 2270 1554 2321 Diod.
1595 2268 1700 2320 Sic.

228 2352 379 2415 xm,
408 2351 481 2401 74
514 2355 766 2420 cognosci,
805 2352 992 2421 Cymen
1016 2354 1313 2417 foederatam
1337 2352 1509 2401 urbem
1531 2351 1701 2413 fuisse,

228 2449 285 2479 ac
331 2432 537 2497 proinde
582 2435 690 2498 capi
734 2451 796 2482 ne
843 2434 1065 2483 debuisse
1111 2433 1333 2501 quidem:
1404 2431 1526 2479 haec
1569 2428 1702 2478 nullo

226 2511 372 2562 modo
410 2514 560 2562 coire.
643 2513 755 2562 Hac
801 2513 861 2564 de
905 2533 960 2564 re
998 2521 1051 2563 ut
1087 2516 1264 2565 certius
1311 2510 1492 2579 aliquid
1526 2516 1703 2576 statua-

227 2613 353 2657 mus,
391 2596 548 2659 primo
584 2594 858 2643 Diodorum
894 2596 1159 2660 audiamus,
1181 2596 1184 2600 ’
1206 2597 1340 2645 cuius
1375 2594 1529 2641 oratio
1565 2591 1704 2659 egre-

230 2676 311 2741 gie
348 2675 578 2725 cohaeret
613 2681 662 2725 et
695 2678 946 2726 verissima
988 2683 1080 2726 est.
1162 2676 1326 2738 Quum
1358 2670 1644 2723 Alcibiades
1679 2688 1707 2721 e

229 2754 380 2807 Samo
405 2758 501 2806 iam
532 2756 754 2808 omnibus
783 2756 985 2808 navibus
1013 2756 1255 2820 solvisset,
1294 2753 1499 2824 Cymen,
1535 2752 1706 2805 urbem
