1816 3182
175 158 212 218 4
737 170 872 215 PARS
902 168 1078 217 emon.

175 294 279 338 tere
314 287 555 338 notionem
589 286 849 353 particulae
888 288 998 339 licet
1018 290 1108 341 vel
1141 290 1308 341 similis
1335 290 1454 343 alius
1490 292 1642 357 suspi-

177 361 394 432 caretur,
444 368 843 435 quemadmodum
877 368 980 417 fere
1014 371 1141 419 infra
1174 374 1242 435 V,
1281 373 1320 435 4
1352 377 1517 422 absens
1549 390 1640 437 pro

178 451 288 498 lieet
331 451 496 498 absens
541 448 749 496 dicitur·
799 449 1106 498 nihilominus
1151 458 1312 502 tamen
1355 454 1479 503 hanc
1527 471 1641 501 con-

177 529 391 582 struendi
435 530 667 577 rationem
712 527 764 575 h.
804 527 839 575 l.
889 518 1238 595 impeditiorem
1285 539 1333 580 et
1378 551 1406 581 a
1450 534 1639 598 Nepote

175 612 376 659 alienam
423 628 529 659 esse
574 608 912 670 indicaverim,
992 610 1122 676 quod
1169 630 1267 660 nou
1306 612 1507 662 >verbum
1554 610 1641 661 sed

174 694 344 741 iterum
391 690 675 739 adiectivum
723 697 966 769 sequatur.
1052 691 1175 753 Quis
1222 694 1346 742 enim
1393 702 1497 758 est,
1558 693 1640 761 qui

173 790 289 837 pro:
341 789 622 839 quamquam
669 772 798 817 dives
839 779 943 819 erat
953 805 971 832 ,
1031 773 1291 821 laboriosus
1337 783 1492 824 tamen
1537 782 1642 824 erat

176 852 303 899 dicat
337 844 467 899 dives
508 845 803 898 laboriosus?
859 847 1084 900 Alterum
1127 851 1282 902 autem
1296 887 1312 915 ,
1361 851 1490 921 quod
1527 855 1640 903 lihn

174 951 291 980 mss.
332 930 587 994 exhibent,
654 932 825 979 deinde
860 939 908 979 et
943 949 1123 980 omnes
1143 932 1351 982 editores
1386 934 1640 983 admodum

173 1013 402 1079 languere
435 1011 674 1073 viderunt,
713 1028 871 1077 neque
902 1010 1131 1062 Cornelio
1165 1016 1387 1063 usitatum
1418 1022 1509 1077 est,
1547 1014 1641 1062 nisi

171 1092 255 1140 ubi
290 1090 495 1157 aliquam
540 1109 643 1139 rem
685 1098 796 1155 post
835 1086 1033 1140 alteram
1074 1090 1249 1143 factam
1294 1112 1399 1144 esse
1440 1094 1635 1143 indicat.

173 1171 316 1220 Unde
352 1171 528 1219 factum
566 1177 638 1218 est
652 1203 668 1232 ,
717 1178 770 1219 ut
803 1172 1096 1237 Lambinus,
1147 1170 1351 1242 utroque
1381 1174 1636 1237 vocabulo,

174 1260 223 1302 et
247 1254 374 1301 dives
398 1258 446 1300 et
470 1252 660 1312 deinde,
692 1252 893 1314 reiecto,
923 1254 1252 1308 excudendum
1275 1263 1462 1304 curaret
1484 1253 1633 1303 idem:¹

174 1353 316 1401 quem
358 1339 490 1381 recte
534 1327 702 1380 Brem.
745 1335 954 1396 refutat,
1017 1324 1255 1401 quoniam.
1275 1338 1399 1385 iuter
1431 1335 1553 1384 hanc
1590 1340 1638 1383 et

171 1420 451 1482 sequentem
495 1413 849 1479 paragraphum
893 1413 1148 1479 oppositiov
1177 1417 1256 1465 sit.
1336 1416 1481 1477 Quod
1520 1432 1636 1464 vero

171 1497 396 1545 Bremius
429 1492 687 1560 legendum
721 1497 1001 1559 proposuit:
1041 1497 1270 1563 diliqens,
1313 1515 1410 1546 non
1444 1496 1636 1563 quidem

172 1578 491 1642 incongruum
543 1590 650 1622 esse
703 1573 755 1622 h.
806 1575 842 1622 l.
892 1575 1009 1623 illud
1061 1576 1344 1625 adiectivum
1396 1577 1633 1638 existimo,

170 1675 344 1706 vereor
378 1663 537 1703 tamen
552 1674 574 1718 ,‘
625 1673 687 1704 ne
701 1689 716 1717 ‚
767 1673 825 1704 eo
861 1650 1089 1722 recepto,
1144 1664 1342 1723 propter
1374 1657 1637 1706 litterarum

173 1727 606 1786 dissimilitudinem
636 1737 783 1783 nimia
815 1738 888 1784 vis
925 1736 1172 1787 codicibus
1207 1739 1449 1786 afferatur.
1536 1736 1636 1798 Qui

172 1825 329 1865 autem
375 1823 487 1880 post
528 1823 601 1863 tot
645 1818 849 1865 reiectas
895 1817 1127 1865 lectiones
1172 1816 1307 1865 locus
1357 1825 1431 1868 est
1476 1832 1635 1866 emeni-

173 1896 390 1944 dandus?
445 1896 525 1942 Ex
560 1895 780 1943 omnibus
825 1897 1016 1962 quidem
1052 1897 1339 1944 coniecturis
1375 1915 1479 1946 eam
1519 1896 1636 1943 mihi

170 1978 374 2025 maxime
404 1975 597 2039 placere
630 1977 804 2037 fateor,
840 1995 980 2041 quam
1012 1977 1072 2025 ab
1103 1976 1237 2025 initio
1267 1995 1295 2025 a
1323 1995 1399 2026 me
1431 1974 1634 2041 primum

170 2058 470 2126 profectam,
524 2074 676 2122 nuper
718 2064 878 2106 tamen
925 2075 965 2104 a·
997 2056 1222 2106 Daehnio
1264 2058 1357 2104 iam
1401 2056 1635 2122 prolatam

173 2142 309 2199 esse,
382 2154 668 2202 quamquam
717 2138 828 2186 inde
876 2155 1051 2185 novum
1085 2138 1445 2201 [probabilitatis
1493 2155 1634 2203 argu-

171 2225 383 2279 mentum
427 2233 623 2281 possum
666 2225 913 2282 repetere,
980 2217 1233 2265 admodum
1279 2216 1524 2266 dolebam:
1583 2222 1637 2264 ut

171 2301 298 2350 enim
333 2303 591 2346 statuamus
634 2297 694 2345 ab
737 2299 840 2363 ipsa
874 2294 1076 2363 Nepotis
1109 2315 1252 2344 manu
1286 2315 1383 2345 non
1418 2295 1633 2344 DIVES

172 2379 260 2428 sed
313 2377 499 2426 CIVIS
556 2379 785 2442 scriptum
835 2396 972 2439 esse,
1048 2396 1169 2443 quae
1225 2379 1351 2426 inter
1403 2375 1636 2425 vocabula

171 2476 393 2525 magnam
440 2456 740 2506 intercedere
785 2457 1050 2505 litterarum
1096 2457 1448 2504 similitudinem
1493 2471 1634 2503 nemo

170 2557 269 2586 non
305 2533 556 2585 concedet.
630 2538 743 2584 Non
775 2545 952 2597 tamen,
991 2543 1187 2601 accepta
1220 2536 1311 2583 hac
1340 2537 1632 2595 coniectura,

171 2617 289 2666 illud
335 2616 487 2665 subst.
536 2619 649 2665 civis
695 2635 802 2665 cum
850 2617 1094 2666 adiectivis
1109 2650 1124 2678 ,
1185 2633 1308 2681 quae
1354 2617 1633 2697 sequuntur,

173 2698 530 2761 „laboriosus“
568 2705 682 2746 cett.
729 2699 1056 2747 coniunxerim
1072 2730 1088 2758 ,
1149 2714 1295 2762 quum
1327 2697 1397 2744 sic
1431 2699 1635 2745 maxime

167 2778 399 2846 languere
433 2778 679 2843 videatur3
743 2778 831 2829 sed
868 2778 975 2827 cum
1010 2780 1069 2828 iis
1082 2812 1099 2842 ,
1161 2796 1283 2847 quae
1328 2776 1634 2840 antecedunt,
