1816 3182
642 148 644 150 ·
702 142 909 197 cmiv.
1071 135 1079 142 ’
1476 154 1549 204 65

88 267 355 319 simum-ad
391 266 611 328 Platonis
656 264 875 317 fraudem
907 266 1547 337 manifestandamselegent

86 343 368 412 Athenaeus
382 380 400 411 ,
467 347 659 415 patroni
708 346 926 415 partibus
976 347 1212 414 susceptis
1262 349 1546 415 scriptorem
1570 365 1593 379 ³

88 429 434 493 nobilissimum
468 444 498 476 a
528 427 750 495 malignis
780 420 1135 483 calumniatoris
1166 428 1439 493 opprobriis
1472 448 1546 480 se-

42 538 56 541 -
89 508 245 559 cundo
279 507 442 560 Marte
475 504 708 559 defendit.
788 507 992 578 Constat
1021 508 1196 577 igitur,
1242 503 1546 561 Alcibiadem

87 606 186 638 non
219 605 325 637 esse
359 594 522 636 natum
554 595 667 654 post
701 587 787 636 01.
824 588 1101 650 LXXXII,
1138 587 1195 637 4.

222 667 357 731 Quid
389 674 579 732 autem,
602 669 644 718 si
675 668 727 717 in
755 685 815 719 eo
848 667 1214 736 acquiescimus,
1249 675 1303 718 ut
1325 667 1410 718 illo
1441 672 1547 736 ipso

88 765 214 798 anno
249 746 358 818 (01.
387 748 665 813 LXXXII,
696 736 766 818 θ’
790 752 1097 799 ιιιιιῑιιιιι“ειιιιι
1126 765 1233 798 esse
1266 756 1546 813 statuamus,

89 829 220 896 quod
251 836 306 879 ut
345 828 575 879 faciamus
608 829 757 890 multa
790 847 880 879 nos
915 829 1099 878 hortari
1131 830 1383 894 videntur,
1406 835 1408 837 ’
1430 831 1550 880 nibil

89 914 247 958 autem
277 926 338 957 ne
371 909 600 973 faciamus
615 900 852 959 obstare?
884 908 1010 963 Post
1038 909 1170 958 illum
1198 905 1373 958 an‘num
1401 913 1545 977 quum
1594 924 1600 930 “

87 996 249 1039 natum
270 1007 377 1040 eum
398 1007 497 1039 non
516 1007 622 1039 esse
641 991 738 1039 iam
757 988 1016 1038 viderimus
1027 1023 1043 1052 ,
1073 989 1192 1038 illud
1214 989 1359 1038 modo
1376 998 1545 1054 restat,

41 1059 44 1063 ”
89 1077 143 1118 ut
187 1077 327 1140 antea
370 1078 532 1120 natum
577 1072 688 1120 non'
721 1087 827 1119 esse
873 1068 1196 1119 ostendamus.
1283 1070 1359 1119 Ne
1403 1072 1550 1139 igitur
1601 1136 1603 1138 v

88 1150 228 1199 nimis
260 1167 590 1201 removeamus
624 1148 999 1217 argumentando
1032 1149 1152 1201 illud
1184 1156 1399 1216 tempus,
1449 1169 1546 1219 quo

89 1231 140 1279 in
172 1230 329 1280 lucem
364 1230 518 1288 editus
552 1232 642 1292 sit,
699 1230 829 1278 omni
863 1228 1018 1278 studio
1054 1236 1104 1279 et
1136 1229 1548 1280 animadversione

86 1309 432 1376 providendum
462 1317 554 1373 est,
590 1327 690 1359 non
723 1308 878 1358 solum
910 1314 1112 1375 propter.
1139 1300 1356 1359 Coi-nelii
1386 1309 1548 1360 locum

87 1391 277 1456 saepius
321 1390 590 1453 laudatum,
659 1388 748 1438 sed
790 1380 990 1454 propter
1034 1387 1301 1439 luculentos
1346 1390 1548 1441 aliorum

88 1471 375 1536 scriptorum
410 1470 566 1522 locos.
635 1466 788 1535 Apud
829 1467 1103 1518 Diodorum
1143 1470 1270 1519 enim
1303 1470 1435 1534 ΧΠ,
1469 1470 1547 1522 58

88 1550 220 1600 audit
251 1558 369 1612 παῖς
401 1549 467 1602 ὢν
498 1549 588 1619 τὴν
615 1549 805 1619 ἡλικίαν
836 1546 1147 1613 Alcibiades,
1203 1568 1347 1617 quum
1360 1584 1377 1614 ,
1403 1568 1548 1618 -quae

86 1631 157 1682 ibi
190 1614 250 1680 de
284 1647 343 1680 eo
378 1636 650 1693 narrentur,
685 1636 798 1696 post
828 1628 1222 1696 expeditionem
1205 1649 1258 1680 m
1287 1631 1548 1681 Thraciam

89 1717 358 1777 susceptam
398 1711 528 1760 facta
571 1710 684 1759 siut.
766 1708 909 1759 Unde
943 1716 1159 1776 tempore
1193 1711 1324 1760 illius
1355 1710 1549 1777 expedi-

88 1794 233 1842 tionis
266 1790 519 1842 admodum
564 1797 757 1840 tenerae
803 1791 972 1875 aetatis
1016 1791 1165 1842 fuisse
1209 1809 1319 1841 eum
1362 1792 1548 1858 putabi-

88 1891 212 1922 mus.
283 1872 398 1922 Non
430 1859 577 1939 igitur
610 1889 831 1939 vei-emur
844 1904 860 1933 ,
890 1884 971 1920 ne
1005 1878 1185 1928 temere
1230 1874 1397 1939 nugati
1441 1891 1548 1923 esse

88 1950 364 2016 videamur,
413 1953 482 2015 si,
529 1958 583 2001 ut
615 1968 761 2017 supra
793 1951 1045 2014 fecimus,
1083 1950 1250 2002 decem
1284 1958 1334 2001 et
1366 1959 1548 2019 septem

88 2051 239 2084 annos
268 2040 455 2083 natum·
434 2032 806 2082 ¹¹>Phormionem
842 2030 1020 2082 ducem
1046 2039 1261 2082 secutum
1295 2050 1402 2097 esse
1436 2052 1547 2084 ecn-

89 2115 349 2176 suerimus:
386 2115 505 2180 ipsis
536 2115 662 2163 enim
688 2099 850 2163 verbis
876 2112 1085 2163 Diodori
1111 2113 1329 2163 iubemur
1356 2122 1545 2180 putare,

89 2194 343 2245 admodum
358 2191 710 2245 adolescentem
728 2194 811 2243 illo
822 2181 1046 2260 tempore
1057 2189 1362 2243 Alcibiadem
1376 2195 1543 2245 fuisse.

89 2265 378 2343 (lentii-mari
411 2274 763 2367 quodammodo
796 2273 984 2353 videtur
1016 2272 1137 2322 haec
1175 2276 1411 2325 sententia
1442 2275 1547 2324 Iso-

90 2355 235 2403 cratis
266 2353 427 2402 verbis
451 2351 528 2421 ²),
565 2355 648 2420 qui
679 2355 747 2401 ita
780 2370 884 2402 rem
920 2360 1291 2424 commemorat,
1327 2359 1380 2401 ut
1408 2350 1548 2403 Alci·

88 2424 258 2485 biades
298 2452 397 2484 non
440 2434 635 2501 proprie
680 2433 758 2483 bis
802 2431 932 2485 mille
976 2426 1204 2484 militibus
1217 2468 1236 2497 ,
1300 2435 1384 2501 qui
1428 2434 1549 2485 duce

89 2497 387 2566 Phormione
434 2521 601 2565 contra
634 2515 855 2566 Thraces
899 2514 1345 2591 proficiscerentur,
1400 2532 1548 2564 annu-
1587 2563 1589 2565 .

89 2603 298 2658 meratus
332 2613 439 2648 csse
473 2595 715 2661 videatur,
776 2595 864 2649 sed
908 2602 1133 2663 tanquam
1178 2597 1408 2646 accensus
1447 2597 1550 2646 sive

89 2776 127 2822 l)
150 2776 208 2812 Cf·
233 2778 342 2816 lwet-
365 2779 410 2815 de
432 2779 509 2827 big.
531 2792 570 2828 p.
592 2768 682 2816 318:
715 2775 781 2817 σὺν
801 2778 918 2820 τοῖς-δι
939 2778 1130 2828 πορευθεὶς
1150 2781 1268 2886 cett-5
