1816 3182
443 213 459 219 „
510 169 645 211 PARS
674 166 995 210 POSTERIOR.
1052 166 1162 207 CAP.
1191 166 1221 205 Ι.
1532 162 1606 212 29

147 283 490 347 iudicabimus,
533 303 676 351 quem
710 291 902 351 praeter
932 264 1266 333 necessitatem
1301 279 1449 329 multo
1484 281 1605 329 infe-

146 366 288 413 rioris
343 365 440 413 loci
491 366 749 429 scriptores
803 363 975 412 crebro
1024 368 1237 409 secutum
1292 378 1398 409 esse
1452 365 1601 425 patet.

149 445 283 509 Quid
330 444 462 513 quod
514 455 851 512 nonnunquam
897 443 1104 509 suspicio
1152 442 1302 490 oritur
1317 475 1333 505 ‚
1406 440 1466 490 de
1520 458 1607 489 suo

145 528 295 592 ipsius
348 527 542 592 ingenio
596 526 823 575 nonnulla
878 543 985 573 cum
1030 523 1288 571 addidisse.
1372 522 1522 584 Quod
1566 523 1608 569 si

146 609 465 674 quaesiveris,
504 606 741 673 quomodo
777 607 956 654 factum
990 606 1077 666 sit,
1115 610 1168 653 ut
1201 605 1269 666 is,
1308 605 1389 671 qui
1424 603 1609 652 scilicet

148 690 306 735 omnia
340 687 464 736 bene
498 688 789 753 ponderasse
823 685 967 733 vellet
1000 683 1181 745 videri,
1219 691 1316 731 tam
1349 684 1495 731 multa
1530 683 1610 731 vel

146 768 402 816 manifesto
444 766 565 816 falsa
604 767 683 816 vel
726 768 806 816 vix
845 764 941 814 fide
984 765 1099 813 satis
1141 764 1287 832 digna
1310 759 1604 830 *protuleris

148 847 288 896 huius
322 850 395 897 rei
429 849 595 897 causas
628 856 726 897 tres
760 846 1057 913 potissimum
1090 846 1321 894 invenies.
1362 882 1365 886 -

282 929 500 977 Primum
534 930 770 990 neminem
786 961 802 989 ‚
857 927 935 975 vel
969 926 1273 975 mediocriter
1305 928 1356 974 in
1389 924 1609 993 legendis

149 1007 227 1057 his
260 1010 370 1059 vitis
404 1016 641 1058 versatum
657 1042 673 1069 ,
743 1008 897 1074 fugiet
930 1009 1117 1074 insigne
1152 1006 1370 1055 Cornelii
1404 1007 1609 1071 Nepotis

150 1089 382 1151 studium,
420 1088 551 1155 quod
580 1088 834 1136 collocavit
866 1089 916 1134 in
941 1087 1317 1152 imperatoribus
1338 1088 1435 1134 suis
1468 1104 1610 1151 quam

149 1170 353 1218 maxime
389 1167 662 1217 efferendis.
744 1165 905 1229 Quum
941 1169 1066 1216 enim
1100 1168 1221 1215 vitas
1256 1167 1490 1216 scriberet
1523 1168 1610 1213 im-

151 1256 424 1312 peratorum
470 1266 728 1313 eorumque
775 1249 1102 1297 excellentium
1161 1231 1269 1315 (cf.¹
1298 1248 1469 1296 Praef.
1521 1244 1607 1313 7):

140 1328 270 1375 vnihil
304 1327 562 1393 quidquam
597 1327 906 1376 omittendum
950 1329 1161 1392 putavit,
1200 1344 1322 1392 qno
1367 1344 1480 1374 vere
1526 1330 1611 1373 eos

150 1414 200 1456 ct
231 1409 369 1456 unice
401 1413 592 1472 praeter
623 1414 820 1465 ceteros,
844 1407 1125 1457 excelluisse
1155 1405 1446 1455 ostenderet.
1493 1405 1611 1453 Jam

151 1481 194 1535 si
227 1486 289 1536 ad
318 1487 438 1537 tales
473 1487 726 1536 formulas:
787 1506 909 1537 unus
944 1491 1147 1554 omnium
1180 1489 1380 1535 maxime
1395 1520 1411 1547 ‚
1467 1487 1611 1534 nemi-

130 1565 256 1616 'nem
285 1568 393 1616 huic
415 1568 667 1634 praefero,
713 1586 847 1617 nemo
881 1569 991 1617 huic
1021 1568 1285 1634 antefertur
1317 1567 1609 1646 similesque,

150 1665 272 1713 quac
307 1650 573 1697 sexcenties
607 1647 833 1711 redeunt,
890 1651 1095 1697 animum
1131 1648 1416 1709 attenderis,
1472 1664 1616 1711 prac-

151 1731 319 1775 conem
353 1729 511 1792 potius
547 1728 696 1775 effusa
730 1728 955 1776 laudandi
986 1729 1184 1775 libidine
1220 1728 1421 1789 elatum,
1470 1730 1613 1792 quam

149 1806 433 1871 prudentem
476 1814 525 1856 et
559 1807 857 1874 diligentem
867 1812 1069 1858 vitarum
1116 1804 1398 1873 scriptorem
1446 1807 1611 1855 audire

143 1885 236 1935 tibi
280 1886 541 1936 videberisss
631 1888 801 1954 Neque
858 1907 980 1937 raro
1019 1888 1274 1938 Cornelius
1326 1888 1472 1936 nimio
1518 1889 1611 1936 isto

148 1965 371 2022 laudandi
405 1968 561 2017 studio
597 1968 821 2033 abreptus
857 1977 931 2017 est
965 1988 1022 2018 eo
1034 2004 1054 2031 ‚-
1088 1977 1141 2017 ut
1156 2003 1172 2031 ,
1189 1989 1196 1993 ··
1211 1962 1332 2035 quae
1370 1968 1462 2015 sibi
1497 1986 1611 2016 con-

148 2049 293 2097 traria
327 2056 487 2098 essent
503 2060 505 2062 ’
519 2056 955 2117 repugnarentque,
992 2049 1182 2100 tradere
1216 2068 1316 2099 non
1351 2048 1606 2098 dubitaret.

148 2129 368 2193 Namque
403 2137 456 2178 ut
489 2131 539 2177 in
573 2131 800 2195 cuiusque
836 2132 931 2178 vita
967 2130 1231 2179 enarranda
1264 2132 1507 2192 versatur,
1546 2133 1614 2180 ita

149 2206 261 2257 huic
302 2214 419 2273 prae
464 2211 636 2259 ceteris
678 2209 885 2276 palmam
927 2209 1062 2259 solet
1091 2210 1299 2260 deferre.
1375 2209 1523 2271 Quod
1560 2217 1615 2259 ut

150 2288 516 2353 comprobemus
538 2297 605 2351 et,
639 2292 866 2355 quantum
886 2292 1168 2354 poterimus,
1200 2289 1465 2338 luculenter
1485 2293 1614 2339 evin-

149 2385 338 2430 camus,
402 2372 614 2418 centena·
638 2369 855 2434 exempla
887 2388 986 2419 non
1027 2370 1364 2436 quaerentibus
1399 2371 1525 2419 ultro
1562 2390 1614 2421 se

148 2447 426 2512 obtrudunt,
465 2467 492 2498 e
515 2448 686 2515 quibus
716 2467 869 2515 pauca
900 2454 1212 2517 apponemus.
1278 2451 1465 2500 >Omnia
1487 2454 1614 2501 enim

65 2527 69 2530 ”
146 2530 472 2595 pervestigare
507 2542 661 2604 lneque
697 2530 837 2579 nobis
871 2534 1168 2597 propositum
1204 2540 1277 2581 est
1311 2551 1481 2597 neque>
1503 2552 1613 2600 gra-

146 2614 245 2655 tum
281 2609 510 2659 acciderit
542 2610 740 2678 legenti,
780 2613 862 2678 qui
894 2614 1117 2679 profecto
1152 2614 1422 2676 miraretur,
1462 2615 1503 2662 si
1532 2614 1614 2665 hic

145 2688 224 2756 vel
271 2707 327 2738 ea
374 2693 533 2742 omnia
576 2693 959 2759 praeciperemus
974 2728 992 2756 ,
1041 2693 1101 2744 de
1145 2687 1317 2762 quibus
1357 2695 1485 2744 inii-a
1532 2714 1613 2747 co-

143 2768 279 2834 piose
315 2771 407 2819 crit
440 2772 710 2839 disputandi
743 2773 896 2824 locus.
