1816 3182
185 194 263 245 46
656 197 811 239 muts
839 157 1162 241 rosmalon.

186 311 515 360 auctoritatem
560 327 656 377 qua
698 309 878 361 nitatur
925 321 974 362 et
1015 315 1249 381 'ignorans
1293 327 1452 381 neque
1492 315 1656 381 magni

186 392 462 454 aestimans,
498 390 551 439 in
584 407 645 440 eo
680 391 928 441 continere
963 410 1040 443 me
1074 411 1290 459 possum,
1325 401 1380 444 ut
1395 385 1654 444 'Herodoti

185 471 471 520 testimoniis
504 488 652 537 snpra
678 471 835 520 allatis
868 472 972 519 eius
1001 475 1276 539 ophionem
1309 477 1425 524 satis
1452 475 1654 524 rehtu-i

183 567 426 601 moneam.
509 548 688 601 omnia
736 552 940 602 miscere
985 553 1176 603 videtur
1217 556 1418 605 Dacier.
1431 589 1449 618 ,
1508 571 1654 621 quum

183 629 477 693 Alcmaeon,
513 647 657 697 quem
684 630 765 680 hic
793 629 1036 699 Megaclis
1069 633 1269 683 secundi
1297 641 1483 701 patrem
1514 634 1650 695 facit,

184 728 284 761 non
328 711 471 759 huius
484 743 501 773 ,
559 710 647 760 sed
686 712 864 776 prioris
908 711 1150 779 Megaclis
1188 719 1332 779 pater
1369 714 1543 777 fuerit,
1600 712 1653 761 id

184 789 318 859 quod
363 790 560 855 copiose
606 787 667 838 ab
707 788 964 839 Herodoto
978 823 996 853 ,
1052 791 1134 858 qui
1180 789 1241 841 de
1285 790 1377 843 hac
1423 793 1554 843 omni
1598 808 1654 841 re

128 903 132 907 >
183 872 360 919 multus
394 876 495 930 est,
556 885 587 916 a
620 869 777 933 capite
820 869 933 918 inde
976 869 1090 929 libri
1120 870 1198 920 VI
1230 873 1492 920 centesimo
1525 873 1653 920 vice·

182 952 305 999 simo
340 949 508 1015 quinto
536 967 689 1017 usque
720 949 783 998 ad
815 950 961 1000 finem
997 947 1210 1000 eiusdem
1241 950 1355 1000 libri
1378 953 1649 1017 exponitur.

182 1030 490 1095 Quamquam
522 1047 626 1079 non
659 1047 827 1081 omnes
861 1029 1054 1098 quidem
1098 1048 1206 1080 eum
1245 1031 1502 1081 Herodoto
1538 1049 1653 1081 con·

182 1111 395 1159 sentiunt
435 1116 629 1157 veteres
673 1111 964 1176 scriptores,
1039 1109 1166 1175 apud
1209 1112 1448 1175 neminem
1492 1118 1654 1160 tamen

180 1187 513 1240 Dinomaches
535 1207 675 1237 avum
695 1185 1073 1257 Alcmaeonem,
1111 1189 1199 1239 sed
1223 1189 1400 1258 ubique
1424 1189 1504 1242 vel
1524 1190 1652 1257 Hip-

179 1276 429 1336 poeratem
472 1267 553 1317 vel
596 1267 898 1318 Clisthenem
939 1269 1036 1318 dici
1079 1271 1292 1335 repperi.
1377 1268 1452 1319 At
1493 1288 1555 1320 ne
1601 1270 1655 1318 hi

180 1348 396 1416 quidem,
434 1348 518 1414 qui
540 1336 842 1404 Clisthenem*
856 1356 1051 1411 vocant,
1087 1355 1220 1398 recte
1247 1356 1413 1416 agunt.
1484 1348 1652 1399 Enim-

180 1446 299 1478 vero
333 1428 385 1476 in
418 1425 512 1476 hac
549 1445 741 1495 quoque
775 1446 858 1492 re,
914 1426 1045 1495 quod
1077 1445 1287 1494 proavus
1317 1424 1589 1478 Alcibiadis
1623 1446 1653 1478 a

180 1517 333 1561 matre
365 1508 696 1575 Hippocrates
729 1510 810 1571 sit,
847 1526 947 1559 non
981 1508 1255 1560 Clisthenes
1268 1542 1285 1571 ,
1321 1508 1550 1560 historiae
1583 1509 1655 1557 illi

180 1589 370 1659 parenti
403 1593 453 1639 et
491 1587 699 1657 principi
737 1584 884 1642 fidem
921 1584 1194 1648 hahendam
1228 1605 1364 1653 esse,
1420 1607 1534 1640 mox
1568 1589 1651 1670 ‹le-

180 1667 573 1722 monstrabimus.

316 1750 376 1801 5.
446 1746 532 1800 Ab
576 1747 836 1799 Herodoto
866 1747 914 1818 ²)
950 1767 1067 1800 avus
1098 1746 1428 1801 Dinomaches
1461 1746 1652 1817 Hippo-

180 1836 372 1893 crates,
418 1826 481 1879 nh
514 1828 733 1880 Isocrate
768 1824 829 1878 de
850 1826 967 1898 hig.
1006 1847 1053 1879 c.
1090 1825 1163 1878 X.
1198 1844 1254 1896 p.
1289 1825 1412 1878 520³
1441 1825 1651 1880 Clisthe-

179 1933 268 1964 nes
317 1915 637 1977 nuncupatur.
737 1906 878 1972 Quae
924 1908 1117 1961 diversa
1167 1909 1440 1959 testimonia
1487 1926 1651 1976 quam-

180 2011 325 2061 quam
360 1988 503 2040 facile
536 1990 604 2039 ita
636 1986 808 2057 aliquis
840 1996 1002 2056 potest
1035 1987 1293 2057 conciliare
1306 2022 1326 2054 ,
1383 1996 1438 2039 ut
1477 1985 1651 2063 Mega-

179 2074 304 2123 clem
318 2106 335 2135 ,
407 2070 724 2137 Hippocratis
777 2068 927 2118 filium
977 2078 1030 2120 et
1072 2067 1401 2120 Dinomaches
1444 2075 1650 2134 patrem,

179 2151 444 2213 Clisthenis
469 2150 637 2215 filiam,
675 2168 894 2201 sororem
912 2149 1198 2217 patruelem,
1214 2187 1217 2189 -
1232 2150 1284 2201 in
1302 2150 1652 2201 matrimonium

180 2303 218 2347 1)
239 2303 303 2342 VI,
328 2299 412 2334 151.
456 2299 536 2333 Non
557 2299 699 2333 disertis
726 2299 870 2345 quidem
895 2297 1012 2331 verbis
1034 2297 1238 2332 Herodotus
1264 2294 1507 2331 Dinomachus
1531 2293 1652 2341 Mega-

249 2360 337 2397 clis,
375 2357 608 2402 Hippocratis
629 2357 670 2390 F.
684 2382 696 2396 ,
730 2356 842 2389 filiam
866 2355 1047 2393 nominat,
1083 2366 1174 2400 quae
1198 2355 1339 2389 demum
1357 2353 1541 2388 Alcibiade
1566 2357 1651 2387 nato

247 2417 377 2450 famam
403 2414 582 2460 quandam
609 2416 714 2447 nacta
737 2415 804 2446 est.
853 2412 926 2447 Sed
956 2422 1065 2458 quun
1088 2423 1271 2459 nunqnam
1298 2411 1408 2445 alium
1428 2409 1525 2455 apud
1542 2408 1653 2443 uero-

247 2475 372 2508 dotum
399 2471 596 2517 Megaclem
617 2470 815 2504 indicatum
834 2470 1055 2504 inveniamus
1080 2468 1188 2503 huius
1206 2468 1390 2515 temporis,
1414 2470 1517 2512 pater
1535 2470 1653 2500 autem

246 2529 483 2565 Dinomaches
500 2528 680 2575 Megacles
700 2528 746 2562 ah
765 2528 931 2562 omnihus
951 2527 1174 2568 nominaui-3
1196 2530 1381 2575 praeterea
1405 2534 1514 2569 quum
1532 2524 1655 2557 multis

246 2589 337 2623 locis
360 2586 549 2621 iubenum·
574 2589 723 2631 putare,
749 2585 1119 2630 consanguinitatem,
1144 2592 1235 2629 quae
1255 2584 1349 2616 esset
1371 2581 1465 2614 inter
1486 2579 1655 2614 Periclen

248 2643 553 2684 eciitAlbndem
580 2643 868 2678 arctioremfuis
870 2640 1243 2688 sue‚qamfuisset‚
1268 2636 1524 2684 siMegacles,
1555 2641 1659 2685 pater

246 2696 483 2737 Dinomaches
493 2700 627 2741 ,tumis
648 2696 739 2733 fuiss
741 2699 1012 2739 eitclsstheni,
1036 2694 1271 2733 utvultBoe
1273 2693 1399 2728 ckhius
1491 2705 1656 2741 nas-pon

245 2772 307 2793 ιιιιι
309 2760 429 2804 squin
405 2756 933 2803 Mugnelmmflrodoeum,
964 2752 1350 2799 flliumfflppoerntis‚
1375 2706 1512 2786 Clisthe
1513 2752 1656 2786 nisfra-

248 2816 335 2856 trin,
428 2812 762 2853 amnneulml’riclis,
784 2809 1083 2859 propatreDino
1036 2807 1263 2844 :memte-a
1242 2808 1472 2856 accipiam
