1816 3182
240 150 314 201 92
733 153 868 194 mas
897 154 1219 197 Posmmon.

244 268 429 337 Θρᾷκες
458 266 766 335 ἀβασίλευτοι
799 269 1018 334 fuerunt,
1063 269 1209 319 iidem
1243 277 1385 338 atque
1418 272 1480 335 ii,
1532 272 1707 339 quihus

236 348 418 399 bellum
461 346 744 400 Alcibiades
796 350 955 400 intulit
968 385 983 414 ,
1051 351 1256 401 fortasse
1310 352 1382 401 illi
1429 349 1702 417 Absinthii,

236 431 321 496 qui
354 428 614 477 identidem
649 429 943 480 Chersonesi
986 431 1167 480 incolas
1200 432 1380 481 infesto
1414 438 1463 481 et
1493 432 1702 481 barbaro

236 509 428 577 agmine
464 508 887 576 aggrediebantur.
1155 544 1158 549 ·

243 610 246 612 ’
371 589 582 654 Jamque
616 592 772 657 magis
805 594 1054 660 magisque
1087 594 1391 658 perspicuum
1423 593 1510 656 fit,
1533 549 1702 660 qualis

234 688 429 734 eorum,
467 687 591 735 quae
624 680 769 736 saepe
804 671 932 734 dixi,
969 672 1227 721 verborum
1261 691 1431 722 sensus
1467 675 1554 722 sit.
1572 674 1700 738 pri·-

232 768 335 809 mus
366 748 599 799 Graeciae
632 753 832 800 civitatis
861 752 912 799 in
946 751 1201 799 Thraciam
1230 753 1458 802 introivit.
1526 751 1699 802 omnis

231 830 562 895 explicationis
598 831 744 879 cardo
779 838 998 880 versatur
1030 833 1080 879 in
1111 850 1161 880 v.
1181 821 1431 895 imminit,
1476 850 1572 898 quo
1606 829 1699 879 Al-

231 909 431 971 cibiadis
467 910 706 976 expeditio
742 911 802 959 iis
816 944 831 974 ,
894 928 1012 978 quas
1056 918 1197 974 antea
1231 910 1410 961 Graeci
1452 914 1503 960 in
1538 911 1697 977 Thra-¹·

229 993 352 1039 ciam
398 991 629 1052 fecerint,
657 995 659 997 ’
688 994 963 1057 opponitur.
1046 989 1179 1039 Ante
1223 988 1530 1041 Alcibiadem
1570 992 1697 1040 enim

228 1070 409 1120 Graeci
430 1070 693 1121 Thraciam
718 1073 934 1139 ⁷ingressi
965 1089 1064 1119 non
1097 1071 1221 1119 ultra
1248 1089 1380 1120 oram
1412 1072 1694 1119 maritimam

225 1158 567 1217 perrexerunt:
606 1151 686 1200 hic
722 1159 899 1214 autem,
936 1168 1079 1198 manu
1101 1150 1322 1215 collecta,
1358 1153 1410 1200 in
1434 1150 1695 1199 Thraciam

226 1233 461 1292 introivit,
522 1233 557 1280 i.
598 1249 644 1280 e.
674 1233 733 1280 >in
767 1233 1058 1280 interioremv
1080 1231 1321 1281 Thraciae
1353 1239 1545 1297 partem
1579 1248 1692 1296 pro-

225 1313 382 1360 fectus
418 1317 519 1373 est,
559 1316 663 1378 ‘quo
682 1310 956 1361 rnemodum
988 1310 1288 1362 Graecorum
1322 1318 1432 1360 ante
1468 1330 1576 1360 eum
1609 1329 1693 1376 pe-

224 1399 514 1441 netraverat.
599 1392 739 1452 Quae
784 1392 924 1440 huius
957 1394 1179 1442 vocabuli
1212 1394 1284 1440 vis
1319 1410 1464 1457 quum
1500 1402 1549 1440 et
1581 1409 1693 1456 pro-

224 1474 329 1539 pria
364 1474 426 1519 sit
458 1489 617 1537 neque
650 1488 763 1519 raro
797 1471 969 1533 obvia,
1020 1473 1169 1519 miror
1204 1471 1444 1538 quomodo
1468 1479 1577 1520 -tam
1612 1472 1694 1520 diu

222 1554 302 1602 hic
337 1553 474 1600 locus
508 1553 719 1600 virorum
756 1551 1006 1600 doctorum
1052 1553 1245 1617 ingenia
1290 1551 1455 1600 ludere
1502 1559 1551 1601 et
1586 1570 1692 1600 eru-

225 1636 353 1682 ciare
388 1633 616 1696 potuerit.
689 1631 901 1679 Introire
935 1633 1062 1679 enim
1098 1638 1171 1679 est
1204 1632 1269 1677 ita
1303 1631 1443 1692 inire,
1480 1630 1690 1697 ingredi,

222 1721 274 1762 ut
307 1730 361 1761 re
396 1730 511 1761 vera
548 1714 674 1761 intro
710 1712 803 1773 sis,
841 1712 891 1759 in
925 1710 1146 1760 mediam·
1164 1729 1267 1760 rem
1301 1710 1572 1775 proficisci,
1591 1703 1691 1775 ,pe-

222 1793 423 1842 netralia
454 1793 525 1840 rei
558 1798 743 1857 petere.
816 1793 897 1841 De
925 1792 1188 1840 lectionum
1210 1794 1449 1841 varietate*
1468 1791 1587 1840 nihil
1621 1797 1695 1840 est

222 1874 353 1942 quod
386 1873 607 1934 addatur,
645 1880 698 1920 ut
729 1890 851 1938 quae
887 1890 985 1921 non
1021 1891 1081 1921 ex
1116 1873 1363 1921 codicibus
1392 1871 1479 1920 sed
1510 1872 1692 1922 cviro-

220 1974 327 2004 rum
363 1954 633 2015 doctorum,
673 1954 755 2018 qui
790 1954 952 2001 sensui
986 1953 1297 2020 gratificaturi
1332 1958 1519 2013 essent,
1558 1952 1692 2016 iuges

221 2037 313 2084 niis
348 2034 629 2083 manaverit.
668 2060 738 2070 -
809 2031 986 2081 Civitas
1030 2051 1129 2081 non
1175 2035 1239 2081 ita
1285 2050 1395 2080 raro
1442 2038 1695 2096 usurpatur

222 2135 313 2182 pro
349 2118 487 2163 cives·
562 2115 641 2162 De
676 2133 725 2161 v.
767 2112 973 2161 Graecia
987 2148 1002 2176 ,
1051 2132 1141 2179 pro
1178 2113 1412 2161 adieetivo
1446 2119 1706 2177 usurpata„

223 2197 395 2246 confer
439 2212 561 2262 quae
608 2212 635 2245 a
677 2194 792 2243 viris
838 2192 993 2244 doctis
1041 2194 1102 2257 ad
1136 2193 1188 2243 lt.
1227 2192 1263 2242 l.
1314 2200 1544 2261 congesta
1587 2201 1696 2242 sunt

224 2276 460 2342 exempla.

735 2422 1010 2482 CAPUT
1087 2424 1192 2481 lx.

223 2538 324 2573 nuo
351 2536 463 2571 Loc1
487 2536 597 2581 (vu,
624 2521 652 2588 4
676 2534 737 2568 ET
757 2533 862 2572 vm,
887 2531 938 2577 4)
961 2533 1021 2566 AB
1046 2525 1380 2568 INTERPRETUM
1405 2527 1697 2564 cmmm'rlo.
1771 2532 1798 2575 y),

630 2601 633 2603 ’
696 2602 834 2638 NIBUS
865 2603 1227 2639 DEFENDUNTUR.

362 2686 561 2736 Alium
597 2688 647 2734 in
681 2687 781 2734 eius
817 2685 970 2734 locum
1002 2685 1368 2742 substituerunt,
1423 2680 1544 2730 haec
1590 2686 1698 2727 sunt

228 2768 375 2819 verba
412 2766 560 2835 (VII,
601 2750 696 2834 4),
745 2764 944 2833 propter
978 2782 1100 2831 quae
1134 2763 1279 2812 fidem
1314 2763 1518 2828 Nepotis
1551 2762 1700 2810 histo·
1796 2768 1816 2808 μ’

1777 2727 1785 2754 Ι
