1816 3182
192 170 260 221 12
494 213 498 217 .
755 175 891 218 PARS
921 176 1097 219 PRIOR.

189 288 463 339 coniectura
509 295 749 355 assumpta
793 289 980 339 Bardil.
1018 292 1196 356 poterit
1242 290 1481 358 deponere
1522 288 1652 338 solli-·

188 358 447 419 citudinem
462 405 479 433 ,
535 371 665 437 quod
711 372 861 437 genit.
901 370 1112 419 eiusdem
1154 375 1358 421 nominis
1402 373 1478 421 bis
1520 360 1651 419 dein-

188 467 304 514 ceps
346 453 492 516 positi
532 450 722 498 diverso
763 450 907 499 modo
955 450 1170 514 desinat,
1228 470 1383 518 neque
1429 451 1652 501 Bremius

189 530 393 595 amplius
429 532 617 598 cogitur
632 564 648 592 ‚
684 537 738 577 ut
770 533 981 596 priorem
1012 532 1216 580 formam
1250 550 1340 598 pro
1376 533 1532 580 dativo
1566 530 1650 578 ha-

188 609 301 658 beat
336 618 384 658 et
417 613 483 659 ita
528 612 904 660 infelicissimam
939 618 1233 660 structuram
1279 613 1330 659 in
1353 611 1651 661 'Cornelium

189 690 437 752 conferat,
476 708 621 757 quum
657 691 893 756 genitivus
930 692 1070 738 etiam
1106 691 1167 739 ad
1199 692 1357 739 locum
1372 688 1394 753 ‚'
1427 709 1568 757 quem
1601 691 1653 736 in

187 772 510 819 enuntiatione
540 771 742 831 obtinet,
780 772 985 819 maxime
1018 789 1045 819 e
1080 789 1214 820 more
1245 771 1534 820 Corneliano
1569 771 1647 819 sit.

185 849 314 898 Illud
349 852 491 899 etiam
525 856 738 897 nostram
772 849 1026 898 lectionem
1059 868 1176 916 prae
1210 851 1488 899 Bardiliana
1523 866 1651 899 com-

184 930 404 992 mendat,
469 929 601 995 quod
645 948 706 978 ex
754 936 919 979 nostra
963 948 1167 996 sequens
1220 932 1506 980 enuntiatio:
1563 932 1651 980 hoc

186 1017 330 1077 qu'um
374 1016 628 1074 appareret
671 1015 785 1057 cett.
837 1009 1061 1059 facillime
1107 1029 1214 1059 cum
1254 1009 1650 1076 praecedentibus

186 1091 578 1156 coniungitur‚e
551 1089 885 1138 eBardiliana
912 1108 1028 1138 vero
1064 1091 1211 1141 multo
1243 1090 1477 1139 difficilius
1504 1107 1649 1194 prop-

183 1177 260 1218 ter
293 1171 623 1234 interpositam
658 1170 1046 1217 enuntiationem.

320 1251 485 1316 plures
518 1250 678 1315 etiam]
752 1249 1064 1314 Disceptatur
1087 1251 1227 1299 inter
1234 1250 1363 1300 viros
1389 1248 1557 1300 doctos
1588 1248 1650 1301 de

185 1350 235 1380 v.
268 1331 452 1397 plures,
489 1336 754 1396 ponaturne
788 1347 878 1395 pro
908 1348 987 1378 vv.
1024 1331 1303 1397 complures,
1341 1332 1494 1395 multi,
1533 1349 1649 1379 non-

186 1412 330 1472 nulli,
370 1428 431 1458 an
466 1427 657 1475 semper
684 1412 780 1458 vim
812 1412 1180 1475 comparativam
1211 1413 1431 1460 retineat.
1502 1409 1652 1476 Apud

187 1490 466 1542 Cornelium
501 1489 694 1555 quidem
710 1503 713 1506 ’
727 1490 862 1552 fieri,
909 1497 963 1539 ut
996 1491 1045 1538 vi
1078 1493 1402 1557 comparativa
1437 1490 1653 1557 deposita

184 1571 345 1619 locum
379 1570 571 1618 illorum
606 1571 946 1618 adiectivorum
979 1567 1206 1635 occupet,
1257 1571 1477 1636 equidem
1510 1570 1651 1634 plane

185 1668 333 1717 nego.
424 1648 605 1698 Nostro
656 1649 764 1699 loeo
812 1651 892 1698 vix
945 1650 1073 1698 iuvat
1120 1648 1445 1698 demonstrare
1460 1683 1476 1712 9
1536 1647 1652 1697 illud

183 1731 348 1797 plures
382 1747 495 1778 vere
532 1747 637 1778 esse
675 1732 1065 1796 comparativum.
1152 1730 1254 1778 Sed
1292 1730 1409 1788 ‘illis'
1440 1731 1557 1795 ipsis
1602 1731 1652 1777 iu

184 1812 335 1873 loeis,
395 1811 478 1859 uhi
521 1812 727 1876 primum
770 1812 951 1877 legenti
994 1811 1141 1860 idem'
1168 1828 1273 1860 esse
1315 1818 1457 1877 atque
1503 1810 1661 1876 multa-

184 1893 393 1954 videtur‚
436 1909 536 1939 non
566 1897 726 1957 potest
760 1908 858 1939 non
883 1891 1082 1957 agnosci
1111 1880 1191 1938 aut
1224 1891 1393 1939 relatio
1418 1890 1478 1938 ad
1502 1897 1652 1939 totum

186 1973 387 2039 aliquid,
421 1971 551 2037 quod
572 1971 650 2019 vel
678 1978 817 2018 antea
845 1972 1163 2036 significatum
1187 1970 1265 2018 vel
1291 1971 1650 2038 intelligendum

186 2061 292 2117 est,
353 2058 402 2101 et
446 2052 580 2100 cuius
624 2059 810 2117 partem
854 2052 1083 2099 maiorem
1118 2049 1325 2114 indicat,
1387 2058 1479 2100 aut>
1499 2051 1651 2101 latens

186 2133 385 2200 aliquod
419 2133 715 2193 subiectum,
768 2149 974 2196 quocum
1010 2131 1328 2195 comparetur.
1408 2130 1513 2180 Aut
1547 2133 1653 2198 quis

187 2218 250 2265 sit
283 2222 381 2264 tam
405 2205 879 2279 *pertinacis„animi‚
918 2211 999 2277 qui
1014 2244 1029 2273 ‚
1076 2217 1130 2259 ut
1163 2210 1391 2279 exemplis
1426 2220 1562 2275 utar,
1603 2213 1654 2260 in

186 2296 346 2364 praef.
386 2293 449 2343 8:
491 2293 622 2356 „sed
654 2293 734 2341 hic
766 2293 913 2358 plura
942 2292 1210 2357 persequi“
1246 2299 1359 2341 cett.
1395 2300 1443 2341 et
1476 2294 1527 2340 in
1557 2292 1652 2341 fine

187 2381 312 2427 vitae
348 2375 578 2425 Catonis:
642 2373 824 2436 „huius
860 2371 919 2420 de
953 2373 1050 2419 vita
1092 2379 1140 2421 et
1182 2372 1398 2422 moribus
1426 2372 1573 2437 plura
1605 2373 1655 2420 in

188 2478 249 2510 eo
283 2457 409 2506 libro
444 2454 685 2521 persecuti
719 2456 925 2501 sumus“
965 2470 1143 2519 negare
1179 2452 1375 2513 audeat,
1420 2451 1658 2501 vocabulo

185 2542 332 2607 plura
359 2538 456 2585 vim
487 2536 857 2600 comparativam
884 2534 1074 2581 inesse?
1118 2533 1284 2581 Facile
1310 2533 1435 2580 enim
1458 2533 1508 2579 in
1525 2539 1651 2581 utro-

190 2638 283 2688 que
330 2618 441 2666 loco
488 2615 765 2681 suppletur:
839 2631 987 2679 quam
1027 2630 1147 2678 quae
1193 2613 1434 2676 persecuti
1474 2630 1652 2661 sumus.

191 2701 364 2766 Neque
400 2694 451 2745 in
484 2696 567 2745 illo
602 2695 713 2745 loco
749 2693 961 2760 quidem,
999 2694 1083 2759 qui
1117 2698 1192 2741 est
1223 2687 1378 2740 Attic.
1414 2691 1587 2756 XVII,
1613 2691 1696 2745 1

194 2799 304 2832 eum
338 2778 539 2829 Bremio
576 2777 823 2826 consentio
838 2808 854 2838 ‚
891 2793 971 2822 vv.
1012 2770 1172 2840 „quid
1204 2770 1342 2838 plura
1376 2789 1660 2824 commemo-

1565 2975 1600 2984 *ss
