1816 3182
457 789 737 895 PARS
785 788 1435 880 Pos'mmon,

288 934 941 984 QUAEST10NES
1007 934 1597 975 H1ST0210A2

741 1169 1018 1247 CAPUT
1094 1189 1146 1245 1.

209 1294 484 1337 QUAERITUR
516 1295 578 1328 DE
611 1296 743 1335 FIDE,
799 1296 926 1338 QUAE
963 1285 1202 1332 CORNiiLlo
1234 1297 1406 1330 NEPOTI
1439 1297 1486 1330 IN
1521 1295 1674 1329 REBUS

620 1364 889 1399 mS'rORIClS
925 1366 1145 1400 HABENDA
1180 1365 1265 1400 SIT.

346 1456 671 1547 Quamquam
694 1483 896 1531 vitarum
928 1484 1164 1533 narratori
1192 1485 1372 1549 pariter
1401 1489 1542 1548 atque
1576 1483 1674 1531 cui-

208 1563 281 1610 vis
314 1563 539 1626 scriptori
584 1559 819 1611 historico*
861 1564 981 1611 nihil
1025 1571 1099 1612 est
1130 1565 1311 1612 maiore
1347 1563 1592 1629 diligentia
1626 1567 1675 1610 et

206 1643 443 1709 religione
477 1641 763 1705 videndum,
810 1661 951 1709 quam
984 1652 1037 1692 ut
1071 1644 1215 1693 rebus
1249 1646 1367 1693 actis
1401 1662 1556 1708 neque
1592 1642 1672 1690 ad-

207 1723 289 1770 dat
325 1723 384 1770 de
421 1739 508 1769 suo
541 1722 722 1787 aliquid
754 1741 910 1788 neque
947 1725 1165 1772 detrahat
1200 1733 1247 1773 et
1281 1742 1402 1790 quae
1437 1725 1541 1788 ipse
1576 1739 1672 1769 non

205 1802 408 1863 viderit,
469 1819 524 1849 ea
561 1801 621 1849 ad
658 1805 1030 1852 certissimorum
1074 1806 1358 1869 scriptorum
1403 1804 1673 1852 testimonia

204 1885 271 1932 ita
318 1881 620 1945 conformet,
681 1886 734 1932 u't
775 1884 903 1933 nulla
949 1882 1008 1931 dc
1056 1886 1157 1933 eius
1200 1884 1295 1933 fide
1343 1883 1574 1932 dubitatio
1622 1884 1672 1931 in

204 1964 465 2029 legentium
502 1965 670 2012 animis
704 1964 1026 2028 relinquatur,
1079 1973 1254 2014 ¹tamen
1289 1984 1387 2014 non
1420 1981 1671 2029 possumus

206 2044 422 2108 diffiteri,
474 2044 616 2093 salvis
653 2046 826 2094 ceteris
866 2045 1207 2113 elegantissimi
1242 2047 1490 2112 scriptoris
1524 2046 1669 2094 virtu-

204 2126 358 2187 tibus,
410 2126 689 2175 Cornelium
724 2127 963 2190 Nepotem
998 2127 1080 2174 illa
1114 2128 1284 2189 laude,
1346 2128 1446 2174 sine
1482 2114 1576 2191 qua
1610 2143 1672 2174 ne

205 2207 408 2272 cogitari
456 2206 647 2272 quidem
703 2212 863 2271 potest
914 2205 1179 2271 probabilis
1236 2224 1393 2256 rerum
1441 2201 1669 2271 scriptor,
1715 2242 1724 2263 ,

206 2304 304 2334 non
338 2286 480 2349 plane
516 2288 713 2352 dignum
748 2303 882 2346 esse,
923 2303 1103 2351 eoque,
1141 2286 1224 2334 ubi
1253 2286 1313 2335 de
1348 2286 1492 2335 rebus
1523 2286 1671 2334 histo-

204 2368 318 2415 ricis
350 2374 538 2433 agatur,
578 2373 714 2418 caute
742 2372 790 2415 et
817 2365 1078 2430 prudenter
1103 2368 1172 2416 uti
1201 2385 1290 2416 nos
1314 2367 1510 2417 debere.
1573 2365 1673 2426 Qui
1705 2421 1708 2424 ¹

206 2466 351 2513 quum
399 2449 693 2514 gravissimis
741 2453 798 2495 et
852 2445 947 2494 fide
996 2447 1287 2514 dignissimis
1335 2445 1669 2512 scriptoribus,

207 2527 494 2595 Thucydide
509 2562 525 2591 ‚
581 2526 909 2592 Xenophonte
924 2561 940 2589 ‚
998 2528 1103 2576 aliis
1117 2562 1132 2590 ‚
1194 2544 1536 2593 saepenumero
1572 2525 1672 2575 lau-

206 2606 358 2671 datis,
426 2607 603 2656 bonam
647 2607 706 2656 de
749 2625 801 2656 se
848 2609 1245 2657 existimationem
1289 2607 1489 2671 fecerit3
1559 2624 1673 2655 mox

205 2697 393 2752 tamen,
435 2689 582 2738 rebus
618 2707 760 2755 quam
794 2696 955 2753 potest
989 2690 1342 2737 accuratissime
1377 2689 1673 2754 investigatis

207 2776 349 2836 atque
393 2770 518 2818 inter
554 2787 606 2818 se
642 2769 929 2834 comparatis
943 2802 959 2830 ‚
1021 2769 1176 2817 minus
1217 2768 1482 2819 honorifice
1518 2767 1578 2817 de
1614 2786 1673 2817 eo
