1816 3182
705 184 707 186 ’
750 172 871 228 gCAP.
900 172 966 212 IV.
1522 171 1589 223 61

138 288 451 353 haberemus,
509 296 607 336 tam
641 276 814 337 multae
857 286 968 336 inde
1004 286 1242 335 orirentur
1275 285 1590 352 difficultates,

138 376 192 419 ut
211 369 426 421 Cornelii
445 369 716 418 testimonio
737 368 800 417 ad
815 374 981 417 verum
1000 366 1380 436 investigandum
1402 370 1593 418 omnino

135 453 206 500 uti
238 468 336 505 non
368 450 622 515 possimus.

276 529 379 580 Sed
412 536 692 597 anteaquam
724 530 817 597 ipsi
851 508 1063 579 nostram
1098 527 1158 578 de
1193 527 1285 578 hac
1319 545 1374 578 re
1406 535 1593 579 senten-

137 610 252 658 tiam
303 611 604 674 proferamus
618 644 634 673 ,
700 628 821 677 quae
873 628 902 657 a
950 611 1065 658 viris
1118 609 1272 658 doctis
1314 611 1497 657 varium
1543 612 1595 657 in

117 687 336 739 *modum
370 689 525 740 adhuc
570 690 629 740 de
669 709 727 740 ea
761 689 997 756 disputata
1039 696 1148 763 sunt
1161 723 1177 752 ,
1241 687 1452 739 breviter
1483 707 1594 755 per-

138 761 460 818 lustrabimus.
543 771 769 820 Dukerus
821 787 994 819 vereor
1049 760 1111 818 ne
1163 770 1308 817 nimia
1343 770 1595 836 religione

140 849 420 900 Cornelium
456 859 645 902 secutus
679 853 767 914 sit,
817 870 973 917 quum·
998 849 1059 899 ad
1093 850 1254 900 Thuc.
1274 850 1356 913 .V,
1393 849 1470 899 45
1503 850 1596 899 hac

139 932 545 998 argumentatione
589 939 775 981 utatur:
836 932 1105 996 Propterea
1140 931 1270 998 quod
1302 931 1469 997 Nepos
1502 928 1594 978 Al-

138 1011 371 1060 cibiadem
413 1028 563 1058 annos
609 1013 802 1059 circiter
842 1011 1155 1077 quadraginta
1193 1018 1355 1059 natum
1368 1044 1385 1073 ,
1436 1011 1589 1060 Diod.

139 1089 244 1144 Sic.
283 1091 368 1141 01.
405 1089 597 1153 XCIV,
635 1088 671 1138 2
701 1092 752 1154 ¹)
798 1089 974 1138 obiisse
1015 1080 1171 1139 tradat
1184 1109 1199 1154 3
1258 1090 1429 1139 deinde
1464 1090 1596 1156 quod

137 1186 213 1232 ea,
246 1188 368 1236 quae
391 1188 419 1217 a
435 1169 719 1236 Thucydide
741 1170 776 1218 l.
798 1171 835 1218 l.
856 1176 1109 1218 narrentur
1132 1170 1217 1219 ol.
1233 1170 1537 1233 LXXXIX,
1557 1170 1597 1220 4

138 1249 265 1298 facta
299 1251 421 1312 sint,
479 1249 609 1315 quod
650 1251 775 1299 inter
806 1257 993 1315 tempus
1030 1256 1079 1298 et
1111 1250 1236 1299 inter
1268 1260 1472 1300 mortem
1503 1247 1596 1299 Al-

136 1327 334 1376 cibiadis
367 1329 495 1378 XIV
529 1328 761 1377 annorum
784 1328 831 1397 2)
877 1329 1080 1394 spatium
1121 1330 1415 1378 intercedat:
1477 1346 1591 1377 con-

135 1424 341 1474 sequens
376 1418 501 1473 esse,
539 1405 843 1460 Alcibiadem
878 1408 963 1458 Ol.
986 1406 1289 1472 LXXXIX,
1315 1408 1355 1459 4
1382 1408 1596 1458 nondum

133 1487 294 1537 XXX
326 1506 557 1539 annorum
591 1497 793 1540 aetatem
828 1489 1159 1556 complevisse.
1209 1480 1212 1482 ’
1242 1490 1403 1551 Quum
1446 1491 1594 1556 igitur

133 1569 265 1618 nullo
312 1570 454 1619 modo
501 1570 683 1621 dubitet
696 1607 712 1636 ,
779 1573 895 1640 quin
916 1570 919 1573 ’
938 1588 1052 1620 vere
1099 1571 1162 1619 sit
1206 1576 1254 1619 et
1299 1577 1518 1619 accurate
1564 1587 1594 1617 a

132 1650 322 1716 Nepote
357 1651 585 1715 relatum,
623 1670 721 1701 non
753 1659 913 1718 potest
945 1669 1044 1700 non
1076 1669 1258 1716 ponere
1295 1668 1469 1698 annum
1501 1648 1594 1698 Al-

70 1760 76 1768 *
135 1730 333 1778 cibiadis
377 1731 582 1780 natalem
638 1732 724 1782 01.
771 1734 962 1781 circiter
1005 1730 1306 1791 LXXXIV,
1354 1728 1410 1778 2.
1494 1730 1596 1792 Qui

135 1828 285 1860 annus
310 1812 404 1859 iam
427 1818 622 1877 quartus
649 1819 751 1861 erat
771 1818 883 1877 post
897 1818 1134 1860 mortuum
1158 1809 1362 1860 Cliniam
1384 1816 1589 1876 patrem.

268 1892 478 1957 Propius
512 1891 574 1939 ad
600 1911 766 1941 verum
799 1894 1079 1955 accessisse,
1118 1899 1247 1940 certe
1278 1909 1376 1939 non
1403 1909 1593 1940 omnem

134 1973 364 2038 temporis
418 1974 651 2023 rationem
701 1973 972 2040 neglexisse
1016 1972 1205 2022 videtur
1248 1971 1485 2021 Baehrius
1531 1971 1594 2020 ad

132 2052 385 2100 Plutarch.
421 2050 537 2101 Alc.
575 2071 627 2118 p.
665 2052 796 2101 269.
878 2053 969 2101 Ille
1018 2070 1163 2118 quum
1205 2049 1492 2100 Ahlwardtii
1534 2052 1593 2099 li-

132 2131 329 2194 bellum,
366 2150 507 2199 quem
537 2133 684 2181 indici
716 2133 973 2182 lectionum
998 2151 1086 2197 per
1110 2139 1339 2181 semestre
1363 2132 1593 2180 aestivum

132 2215 183 2261 in
227 2211 365 2260 acad.
405 2212 678 2280 Gryphisw.
717 2199 1107 2264 MDCCCXXI.
1143 2211 1411 2260 habitarum
1453 2229 1592 2277 prae-

134 2294 280 2356 misit,
317 2292 598 2359 laudaverit,
635 2294 719 2344 uhi
751 2294 858 2344 fieri
894 2311 991 2342 non
1014 2297 1188 2363 posse,
1226 2293 1341 2360 quin
1373 2288 1592 2342 Alcibia-

132 2497 342 2542 „necea
365 2500 506 2546 scnpsis
509 2500 858 2542 se.,.tolxclvl

129 2565 299 2610 Duum:
280 2569 804 2615 cratioeunmreptantiion
783 2572 907 2605 ocosul
946 2569 1248 2605 nem-retlvmn
1251 2578 1394 2601 omme
1375 2564 1592 2601 eirroremn

198 2634 240 2658 co
219 2627 435 2671 οοιιιΡιιιειιιᾱ
459 2626 684 2669 commissum
712 2638 801 2661 esse.
849 2628 902 2661 Na
881 2640 938 2662 am
961 2628 1045 2661 icnd
1071 2627 1116 2660 ab
1138 2626 1198 2660 01.
1215 2625 1402 2666 LXXXIX,
1425 2623 1456 2658 4
1479 2635 1593 2670 usqne

199 2681 326 2727 adOl.
342 2682 468 2724 XCIV
487 2683 646 2717 ssnn
648 2685 812 2719 sstxlv
814 2685 1036 2720 eadxvlss
1015 2697 1108 2719 anno
1129 2697 1188 2718 um
1212 2684 1379 2730 saptium.
1426 2682 1593 2716 Dukerus

195 2738 328 2783 igitur,
360 2740 511 2786 probata
536 2741 692 2776 Cornelii
720 2743 944 2783 narratione,
986 2731 1139 2777 statuere
1162 2741 1335 2782 debebat,
1371 2737 1593 2773 Alcibiadem

197 2795 259 2831 01.
276 2797 464 2839 LXXXIX,
487 2797 517 2832 4
541 2810 618 2833 ιιοιι,
637 2799 720 2845 plus
735 2800 833 2834 XXII
855 2800 1023 2835 habuisse
1045 2811 1170 2834 annos.
