1816 3182
149 237 159 244 ⁹
222 250 299 301 98
727 249 863 292 mas
892 249 1214 293 rosmmoa

226 366 407 417 bellum
439 367 628 433 parari,
682 382 781 415 non
824 365 1100 466 dubitabat,
1155 367 1305 434 quin
1313 367 1514 416 amicum
1561 364 1693 415 illum

228 449 322 498 sihi
353 447 664 516 adiungeret
656 464 854 514 eoque
857 447 1044 497 adiutus
1053 422 1279 514 patriam
1310 465 1338 496 a
1371 446 1693 504 Lacedaemo-

229 530 421 576 niornm
462 528 663 592 imperio
708 527 954 576 liberaret.
1041 526 1251 575 Eodem
1277 533 1434 576 autem
1477 533 1695 592 tempore

227 607 546 657 Pharnabazo
581 624 670 672 per
702 607 1007 675 Lysandrum
1041 607 1358 656 renuntiatum
1392 614 1495 668 est,
1557 604 1694 672 quid-

229 688 345 755 quid
387 686 826 737 Lacedaemoniis
831 705 940 736 cum
984 684 1257 738 Artaxerxe
1303 693 1460 750 esset,
1508 686 1695 734 irritum

230 769 363 829 fore,
407 770 500 816 nisi
532 765 816 817 Alcibiades
850 773 931 814 aut
963 768 1098 815 vivus
1133 775 1214 815 aut
1246 775 1459 816 mortuus
1493 764 1695 813 traditus

229 854 374 897 esset.
448 846 638 910 Quibus
674 846 816 896 minis
844 863 903 896 eo
932 846 1219 913 perductus
1208 873 1211 877 ²
1230 853 1304 897 est
1329 845 1692 908 Pharnabazus,

228 935 280 975 ut
315 928 569 976 confestim
605 928 844 994 mitteret,
895 928 978 992 qui
1008 924 1315 976 Alcibiadem
1348 921 1690 975 interficerent.

365 1008 623 1073 Duplicem
670 1007 729 1055 de
772 1006 864 1055 h'ac
898 1025 953 1055 re
971 1007 1141 1056 Diod.
1180 1007 1285 1057 Sic.
1322 1007 1470 1070 XIV,
1508 1004 1574 1055 11
1621 1006 1692 1054 fa-

228 1103 352 1133 mam
388 1086 533 1135 tradit
547 1120 563 1150 ‚
612 1087 823 1135 ,alteram
857 1104 919 1134 ex
960 1087 1127 1154 ignoto
1163 1087 1397 1152 scriptore
1413 1119 1430 1149 ,
1488 1086 1694 1135 fortasse

171 1209 174 1210 γ
228 1185 295 1215 ex
323 1167 673 1233 Theopompo,
731 1165 1063 1232 depromptam
1098 1170 1307 1233 *eamque
1350 1167 1543 1216 omnino
1584 1183 1693 1214 cum

228 1246 286 1293 iis
300 1279 317 1308 ,
365 1264 488 1312 quae
523 1246 779 1295 Cornelius
813 1248 993 1309 refert,
1053 1254 1424 1314 cong-ruentem,
1473 1247 1691 1308 alteram,

227 1332 280 1372 ut
314 1326 417 1389 ipse
453 1326 595 1388 dicit,
634 1344 695 1374 ex
724 1326 927 1392 Ephoro
944 1350 946 1352 ·
962 1328 1160 1391 petitam
1195 1334 1243 1375 et
1276 1345 1305 1375 a
1337 1328 1498 1392 priore
1531 1325 1693 1391 paullo

229 1404 486 1455 diversam.
570 1406 787 1469 Quarum
832 1408 966 1472 prior
980 1441 996 1470 ,
1043 1414 1106 1456 >ut
1139 1408 1257 1473 ipsis
1290 1407 1499 1456 Diodori
1531 1405 1694 1456 verbis

228 1493 362 1548 utar,
400 1488 471 1535 sic
507 1504 559 1535 sc
591 1486 762 1535 habet:
801 1490 869 1537 Π
866 1492 1163 1554 ραττομένων
1195 1490 1248 1538 δὲ·
1279 1485 1460 1538 τούτων
1495 1484 1694 1555 Φαρνά·

225 1568 371 1632 βαζος
404 1568 617 1636 Δαρείου
651 1568 738 1618 τοῦ
771 1570 1003 1632 βασιλέως
1035 1564 1289 1645 σατράπης
1323 1565 1378 1635 (ἰ.
1418 1586 1463 1617 e.
1503 1574 1693 1633 satrapa

227 1665 256 1694 a
297 1648 451 1696 Dario
493 1645 669 1715 factus)
702 1641 1004 1715 Ἀλκιβιάδην
1038 1646 1122 1697 τὸν
1150 1646 1429 1715 Ἀθηναῖον
1447 1645 1694 1711 συλλαβὼν

227 1725 410 1787 ἀνεῖλε,
476 1730 857 1795 χαρίσασθαι
915 1725 1272 1792 βουλόμενος
1322 1727 1692 1793 Λακεδαιμο-

227 1809 389 1867 νίοις.
471 1807 570 1855 Hic
615 1807 828 1857 breviter
870 1808 1181 1874 perstringit,
1237 1825 1360 1873 quae
1403 1807 1598 1856 uberius
1645 1812 1694 1854 et

229 1886 471 1951 copiosius
501 1904 529 1933 a
557 1886 748 1953 Nepote
779 1890 993 1954 exposita
1024 1894 1152 1936 sunt.
1195 1887 1379 1966 Neque
1401 1885 1692 1936 Plutarchus

226 1963 345 2013 Alc.
383 1983 431 2013 c.
468 1966 707 2014 XXXIX
751 1986 848 2016 non
896 1969 1012 2016 facit
1046 1985 1154 2015 cum
1186 1974 1390 2031 utroque
1433 1969 1690 2032 scriptore,

225 2043 722 2096 Lacedaemoniorum
775 2033 1204 2096 machinationibus
1251 2048 1409 2095 omnia
1452 2045 1688 2109 tribuens,

225 2132 301 2173 ut
315 2125 456 2175 facile
490 2127 579 2176 tibi
611 2128 927 2193 persuadeas,
965 2145 1026 2178 ex
1058 2144 1155 2194 uno
1191 2128 1341 2194 quasi·
1361 2128 1493 2177 fonte
1529 2127 1692 2175 trium-

230 2207 357 2254 viros
389 2206 498 2256 illos
529 2207 746 2258 hausisse
781 2227 935 2276 eoque
964 2208 1304 2274 Theopompo.
1375 2204 1448 2256 At
1476 2224 1598 2273 quae
1632 2205 1693 2255 de

227 2286 393 2334 eadem
430 2305 484 2335 re
519 2289 748 2354 Ephorus
794 2289 1054 2338 tradiderat
1092 2288 1179 2336 lib.
1216 2287 1397 2350 XVII,
1451 2287 1546 2337 huc
1589 2287 1693 2335 sere

225 2365 455 2418 redeunt:
501 2365 802 2431 Alcibiades,
841 2387 986 2435 quum
1020 2368 1349 2429 intellexisset,
1387 2367 1502 2434 quid
1537 2366 1704 2434 Cyrus·

226 2446 383 2494 minor
430 2453 597 2495 contra
641 2444 965 2499 Artaxerxem
1011 2449 1209 2498 fratrem
1249 2447 1497 2497 moliretur
1510 2481 1527 2512 ,
1580 2446 1693 2496 huic

224 2533 279 2573 ut
309 2544 412 2574 rem
448 2529 682 2591 aperiret,
719 2531 907 2597 veniam
944 2530 1071 2597 Susa
1103 2527 1503 2597 proficiscendi'a
1535 2528 1691 2594 Phar-

224 2606 408 2656 nabazo
460 2596 649 2674 satrapa
697 2610 852 2679 petiit.
944 2595 1044 2673 Qui
1097 2629 1240 2677 quum
1303 2608 1590 2675 denegasset
1645 2615 1693 2658 et

226 2687 417 2736 sibimet
459 2690 552 2754 ipsi
596 2696 755 2738 tantae
780 2692 872 2739 <rei
912 2690 1138 2739 indicium
1181 2688 1489 2756 arrogaturus
1534 2689 1694 2738 statim

224 2769 460 2831 misisset,
520 2770 711 2836 quide
753 2770 881 2837 Cyri·
914 2770 1184 2837 proditione
1225 2786 1391 2836 regem
1439 2770 1693 2818 certiorem

224 2848 439 2899 facerent
453 2883 469 2912 ‚
535 2850 898 2918 Paphlagoniae
946 2857 1183 2917 satrapam
1227 2848 1510 2899 Alcibiades
1558 2847 1691 2898 adire
